1711 3078
326 185 681 242 LIBER
761 185 1142 246 XXIII.
1273 207 1389 267 219¹

94 295 206 334 rent
224 318 242 343 ,
270 299 292 332 1
327 294 580 332 momento
607 281 704 331 levi
721 281 937 346 impulsae
969 284 1266 340 occiderent.
1293 288 1388 339 Le·
1411 298 1605 352 U»C·535·.

90 353 266 420 giones
297 349 414 400 duas
445 349 691 399 Romanas
723 348 932 398 habebat
979 349 1277 415 Postumius,
1314 358 1390 407 so·
1409 356 1602 400 a.C.21(›.

95 417 319 485 cifimque
363 418 422 466 ab
458 418 642 483 Supero
693 420 810 466 mari
849 430 1034 465 tantum
1087 422 1402 488 conscripse--¹

92 500 203 546 rat,
239 501 291 534 ut
347 486 516 552 viginti
561 487 773 550 quinque
811 484 960 533 millia
1001 503 1294 538 armatorum
1340 493 1388 541 in

94 570 237 620 agros
274 551 477 602 hostium
512 553 771 600 induxerit.
818 549 949 601 Galli
990 570 1127 602 oram
1164 572 1391 608 extremae

91 620 240 686 sylvae
282 638 429 687 quum
477 617 915 679 circumsedissent,
947 620 1028 668 ubi
1068 622 1264 672 intravit
1310 644 1391 691 ag-

92 704 208 738 men
254 687 456 748 saltum,
501 703 604 737 tum
640 703 880 736 extremas
923 687 1152 737 arborum
1193 690 1390 741 succisti-

91 773 199 805 rum
228 757 484 822 impellunt
515 775 526 805 ε
560 773 696 821 quae,
733 756 823 803 alia
850 757 898 803 in
926 756 1094 816 aliam,
1120 757 1387 809 instabilem

92 839 183 890 per
208 821 254 873 se
288 842 341 872 ac
371 824 494 872 male
535 823 798 871 haerentem
818 860 831 883 ‚
866 824 1136 874 incidentes
1161 863 1175 886 ,
1205 843 1233 874 2
1258 832 1391 877 anci-

88 893 178 957 piti
208 891 360 958 strage
390 907 519 938 arma
541 925 554 950 ,
600 891 731 938 viros
754 926 768 949 ,
797 907 950 956 equos
993 894 1293 956 obruerunt,
1330 911 1389 948 -ut

91 961 174 1008 vix
203 958 376 1008 decem
389 958 612 1007 homines
633 955 913 1024 effugerent.
935 957 1062 1008 Nam
1091 978 1238 1026 quum
1274 981 1390 1014 exa-

88 1029 254 1076 nimati
302 1026 518 1093 plerique
563 1023 713 1075 essent
751 1025 977 1075 arborum
1026 1032 1203 1079 truncis
1255 1029 1388 1100 frag-

88 1093 356 1161 mentisque
406 1111 687 1154 ramorum,
737 1108 947 1144 ceteram
983 1113 1180 1162 quoque
1221 1100 1387 1149 multi-

85 1163 305 1212 tudinem
323 1200 336 1222 ,
358 1163 610 1228 inopinato
645 1161 775 1210 malo
799 1162 1036 1227 trepidam
1053 1203 1071 1224 ‚
1103 1163 1268 1226 Galli,
1290 1166 1386 1217 sal-

86 1244 192 1278 tum
220 1247 419 1279 omnem
456 1231 621 1279 armati
664 1229 1081 1294 circumsidentes,
1112 1233 1385 1284 interfece-

83 1312 227 1358 runt3
262 1298 421 1363 paucis
445 1315 471 1347 e
494 1312 630 1345 tanto
656 1314 858 1346 numero
881 1299 1032 1364 captis
1048 1337 1061 1359 ,
1090 1315 1111 1364 3
1151 1303 1230 1366 qui
1250 1339 1266 1361 ‚
1287 1304 1381 1353 flu-

83 1367 224 1415 minis
260 1380 464 1431 pontem
499 1378 718 1430 petentes
741 1402 752 1420 ‚
784 1365 968 1415 obsesso
991 1368 1100 1415 ante
1137 1370 1195 1417 ab
1227 1370 1378 1420 hosti-

4 1458 10 1459 *
81 1433 170 1482 bus
207 1448 355 1499 ponte
375 1469 390 1493 ,
416 1431 651 1481 interclusi
687 1431 802 1480 sunt.
827 1432 898 1481 Ibi
930 1434 1193 1485 Postumius
1218 1474 1232 1496 ‚
1266 1457 1378 1488 om.

82 1503 132 1549 ni
165 1503 214 1551 vi
237 1539 250 1562 ‚
271 1518 334 1550 ne
361 1515 609 1567 caperetur
634 1539 645 1560 ,
679 1499 911 1549 dimicans
931 1539 943 1561 ‚
980 1505 1235 1553 occubuit:
1260 1505 1374 1571 spo·

24 1625 27 1630 V
81 1570 142 1617 lia
191 1570 407 1635 corporis
457 1582 695 1634 caputque
751 1568 884 1617 ducis
956 1571 1199 1631 praecisurn
1263 1573 1373 1624 Boii

1 1665 9 1670 .
83 1654 290 1686 ovantes
335 1638 521 1701 templo
549 1673 564 1696 ‚
604 1636 735 1701 quod
774 1635 1102 1686 sancliffimum
1142 1640 1206 1689 est
1240 1644 1369 1708 apud

78 1720 167 1754 eos
192 1743 206 1763 ‚
243 1706 485 1754 intulere:
524 1718 726 1771 purgato
754 1705 866 1754 inde
923 1708 1116 1771 capite,
1170 1725 1220 1759 ut
1260 1728 1370 1760 mos

76 1773 135 1822 iis
156 1772 222 1822 est
238 1812 252 1834 ,
277 1774 463 1822 calvam
498 1789 613 1820 auro
635 1771 868 1822 caelavere
888 1789 898 1820 ε
920 1774 1064 1840 idque
1084 1775 1264 1826 sacrum
1283 1798 1370 1828 vas

3 1872 13 1882 κ
74 1841 129 1889 iis
155 1856 290 1902 erat,
326 1858 423 1907 quo
449 1838 723 1888 solennibus
760 1840 962 1889 libarent
991 1859 1003 1900 3
1044 1845 1375 1913 poculumque

78 1908 210 1958 idem
246 1925 278 1970 4
317 1907 550 1958 sacerdoti
596 1906 721 1966 effe,
761 1925 813 1956 ac
860 1910 1029 1975 templi
1073 1912 1373 1966 antistitibus.

27 2003 31 2008 ·
77 1975 244 2026 Praeda
260 1993 456 2043 quoque
488 1976 614 2023 haud
643 1975 802 2023 minor
825 1975 979 2027 Gallis
1000 2015 1010 2034 ‚
1043 1979 1186 2046 quem
1218 1981 1373 2032 viclo·

144 2060 160 2088 1
183 2048 386 2088 Momento
399 2044 496 2099 levi]
512 2046 685 2085 Al1omen·
754 2046 950 2099 Displicet
980 2042 1031 2093 τὲ
1054 2064 1174 2104 ponte
1205 2065 1283 2092 tam
1317 2068 1371 2095 ex

79 2116 158 2149 tum
177 2109 229 2150 est
249 2110 288 2149 id
307 2110 413 2162 quod
439 2118 590 2147 movet.
614 2108 686 2147 lta·
751 2110 977 2164 propinquo
1007 2113 1247 2166 subsequens
1265 2129 1372 2168 pon·

78 2185 156 2224 que
181 2184 370 2211 momento
404 2171 482 2210 levi
501 2168 564 2209 hic
583 2168 689 2209 idem
752 2183 826 2210 tem
846 2172 1016 2214 Facilius
1033 2175 1072 2215 ¹&
1093 2174 1256 2214 liberius
1270 2177 1368 2216 flue·

76 2233 134 2273 est
153 2247 200 2273 ac
221 2233 379 2273 leviiflu
399 2260 410 2280 ‚
430 2232 509 2272 levi
532 2229 654 2271 tailu.
749 2245 812 2273 tet
843 2235 975 2275 oratio
996 2264 1005 2283 ,
1045 2234 1070 2277 fi
1102 2236 1329 2290 legeremus
1351 2265 1366 2285 ,

145 2309 170 2335 2
186 2293 525 2349 Ancipitistrage]
550 2291 683 2345 Quum
749 2294 1365 2352 quifluminispontempetentes‚

75 2355 370 2406 sternerentur,
406 2354 483 2395 five
521 2365 686 2395 ruerent
750 2353 929 2410 obseffum
965 2357 1055 2398 αηεὲ
1082 2358 1128 2397 ab
1163 2359 1329 2409 hostibus
1351 2387 1365 2409 ,

73 2420 239 2460 arbores
256 2419 293 2458 in
315 2430 587 2471 quamcunque
602 2431 685 2468 par·
749 2417 950 2472 interclusi
964 2418 1072 2474 sunt.

42 2488 45 2490 “
75 2491 159 2522 tem
182 2512 195 2532 ‚
217 2480 255 2520 in
279 2477 471 2519 chrestum
487 2505 499 2526 ,
537 2482 558 2518 ἐι
590 2477 685 2520 dex·
812 2495 840 2531 4
858 2480 1080 2521 Sacerdoti.
1099 2511 1109 2522 .
1129 2508 1141 2520 .
1159 2495 1205 2520 ac
1225 2481 1364 2536 templi

26 2542 28 2546 ’
77 2552 140 2584 tra
161 2570 171 2590 ,
195 2543 350 2582 &laeva-
750 2541 992 2596 antistibus]
1050 2542 1101 2582 Et
1147 2542 1214 2596 qui
1252 2543 1360 2584 sacra

23 2639 28 2642 .
141 2613 160 2655 3
183 2600 439 2661 Quiflumirzis
454 2614 613 2657 pontem
623 2616 687 2654 pe·
749 2603 917 2651 fecisset,
941 2605 980 2645 &
1001 2605 1078 2644 toti
1099 2605 1273 2662 collegio
1288 2619 1362 2648 an-

26 2660 29 2661 ⁷
97 2678 199 2706 entes
218 2697 228 2715 ‚
247 2661 389 2717 obseffo
409 2661 497 2703 αηεὲ
513 2663 559 2703 ab
576 2663 689 2714 hosti·
745 2664 908 2707 tistitum
926 2665 1080 2722 templi.

72 2677 140 2769 {us
154 2738 277 2783 ponte
298 2757 309 2779 ‚
350 2722 682 2781 intercltfisunt]
1060 2785 1108 2835 K
1133 2785 1162 2796 ..
1202 2787 1205 2790 y

1130 2803 1163 2853 ¹]
