1684 3088
319 119 394 196 48
637 121 903 181 T1‘ri
989 124 1317 180 LIVII

102 221 296 286 U-9-534-
385 217 624 269 XXXVI.
654 219 869 269 Ventum
900 221 1073 270 deinde
1096 223 1156 270 ad
1187 223 1339 271 multb
1366 219 1605 288 angustioa

99 276 296 321 a.(.,.218·
317 302 420 333 rem
454 303 656 353 rupem,
687 302 829 354 atque
856 290 919 337 ita
945 288 1080 337 refiis
1111 290 1260 349 saxis,
1289 304 1338 338 ut
1365 305 1491 355 aegre
1522 305 1606 336 ex-

316 355 509 419 peditus
531 356 665 404 miles
684 356 1005 405 tentabundus
1022 392 1037 416 ,
1072 356 1380 422 manibusque
1396 357 1606 404 retinens

316 422 525 487 virgulta
561 441 615 470 ac
653 421 818 488 stirpes
853 423 978 472 circa
1017 425 1316 483 eminentes,
1353 423 1606 471 demittere

313 487 411 537 sese
443 488 613 554 posset.
634 489 816 538 Natura
837 491 970 539 locus
996 488 1092 552 jam
1119 493 1230 540 ante
1248 507 1464 558 praeceps
1484 526 1498 549 ‚
1531 505 1607 537 re-

316 557 445 604 centi
474 557 602 622 lapsu
636 572 801 617 terrae,
823 559 869 605 in
897 557 1076 623 pedum
1109 558 1239 608 mille
1261 558 1524 608 admodum
1549 556 1609 604 al-

313 625 570 673 titudinem
604 624 831 690 abruptus
860 639 976 673 erat.
1004 623 1079 673 Ibi
1108 643 1255 692 quum
1278 664 1291 686 ,
1313 627 1446 674 velut
1464 624 1524 672 ad
1546 622 1609 671 fi-

315 691 534 740 nemviae
548 729 562 750 ‚
583 694 766 757 equites
779 691 1118 754 constitissent,
1143 694 1328 741 miranti
1344 691 1574 749 Annibali
1590 726 1607 750 ,

317 776 424 824 quae
458 776 531 807 res
564 774 831 809 moraretur
867 777 1039 827 agmen
1063 797 1077 819 ,
1127 762 1366 809 nuntiatur
1390 796 1404 819 ‚
1435 775 1610 825 rupem

315 828 500 875 inviam
522 826 632 876 effe.
652 825 900 894 Digressus
929 828 1106 876 deinde
1129 829 1227 895 ipse
1251 828 1310 877 ad
1346 828 1507 876 locum
1530 827 1611 873 vi-

317 893 520 943 sendum
551 912 560 942 :
595 895 722 944 haud
751 895 892 943 dubia
929 912 1003 944 res
1040 894 1168 956 visa,
1200 898 1313 961 quin
1355 911 1441 960 per
1479 894 1610 942 invia

320 960 448 1010 circa
477 979 566 1011 nec
599 964 704 1011 trita
759 978 897 1012 antea
916 1000 930 1023 ,
958 964 1176 1027 quamvis
1203 965 1355 1030 longo
1395 962 1611 1020 ambitu,

320 1030 699 1080 circumduceret
735 1048 926 1097 agmen.
958 1029 1024 1078 Ea
1059 1033 1176 1081 vert>
1206 1033 1284 1080 via
1318 1028 1614 1094 insuperabi-

319 1097 378 1144 lis
409 1095 530 1146 fuit:
561 1115 672 1146 narn
709 1115 856 1163 quum
891 1096 1029 1164 super
1068 1114 1287 1148 veterem
1321 1100 1485 1146 nivem
1531 1098 1613 1143 in-

322 1163 495 1212 taGtam
557 1183 687 1213 nova
726 1167 932 1214 modicae
996 1166 1256 1214 altitudinis
1298 1165 1410 1213 esset
1477 1163 1615 1211 molli

321 1248 413 1280 nec
436 1233 641 1297 praealtae
661 1234 760 1280 nivi
793 1232 928 1281 facile
957 1234 1108 1297 pedes
1139 1230 1512 1300 ingredientium
1538 1233 1617 1278 in·

320 1297 544 1349 sistebant
561 1317 571 1348 :
591 1316 641 1349 ut
660 1302 779 1349 verb
806 1315 880 1350 tot
903 1301 1152 1348 hominum
1184 1301 1612 1364 jumentorumque

321 1365 716 1433 inceffu1dilapsa
764 1367 856 1429 est,
888 1384 973 1433 per
1022 1368 1200 1416 nudam
1250 1368 1374 1417 infra
1411 1367 1615 1433 glaciem

321 1435 656 1500 fluentemque
688 1435 852 1484 tabem
883 1435 1186 1502 liquescentis
1221 1438 1344 1484 nivis
1375 1433 1620 1500 ingredie-

325 1503 514 1551 bantur.
551 1502 699 1552 Tetra
737 1503 803 1551 ibi
834 1502 1024 1551 Instatio
1064 1519 1195 1563 erat,
1231 1521 1250 1551 1
1287 1519 1337 1551 ut
1375 1521 1401 1550 a
1439 1501 1617 1549 lubrica

326 1570 478 1636 glacie
500 1608 515 1631 ‚
552 1589 648 1619 non
670 1572 932 1636 recipiente
969 1569 1220 1636 vestigium
1242 1608 1256 1630 ‚
1289 1571 1341 1618 δε
1371 1572 1419 1617 in
1460 1586 1620 1634 prono

326 1639 465 1686 citius
498 1638 624 1704 pede
646 1638 689 1686 se
721 1637 918 1687 fallente
938 1638 1019 1696 3&
1041 1676 1053 1695 ‚
1071 1638 1148 1686 seu
1168 1638 1383 1687 manibus
1407 1639 1454 1684 in
1476 1634 1623 1684 affur-

331 1706 495 1772 gendo
531 1706 610 1755 seu
637 1723 763 1772 genn
808 1706 853 1754 se
897 1704 1182 1768 adjuvissent
1210 1743 1225 1766 ,
1267 1705 1375 1771 ipfis
1422 1703 1625 1752 admini-

330 1774 448 1822 culis
483 1773 709 1839 prolapsis
733 1811 747 1833 ‚
783 1775 957 1822 iterum
988 1772 1296 1833 corruissent,
1339 1788 1429 1820 nec
1458 1770 1623 1835 stirpes

332 1841 456 1891 circa
492 1840 770 1899 radicesve‚
805 1842 865 1889 ad
900 1858 1013 1906 quas
1043 1842 1167 1906 pede
1201 1858 1280 1890 aut
1315 1855 1458 1887 manu
1495 1837 1622 1905 quis·

332 1925 479 1974 quam
511 1911 626 1958 eniti
662 1907 815 1973 poffet
839 1946 854 1968 ,
906 1922 1054 1957 erant.
1092 1907 1161 1956 Ita
1206 1910 1253 1957 in
1289 1907 1383 1956 levi
1436 1908 1622 1953 tantum

334 1978 486 2044 glacie
514 2015 528 2038 ‚
574 1978 830 2042 tabidaque
878 1978 990 2024 nive
1027 1977 1385 2025 volutabantur.
1424 1972 1626 2022 Jumen·

332 2059 381 2092 ta
415 2043 894 2093 secabantinterdum
929 2044 1074 2093 etiam
1109 2058 1208 2092 tum
1231 2040 1443 2090 infimam
1466 2042 1626 2107 ingre·

333 2112 512 2168 dientia
542 2114 704 2161 nivem
730 2150 743 2171 ‚
769 2111 817 2159 &
846 2110 1063 2176 prolapsa
1096 2108 1322 2174 ja&andis
1354 2110 1540 2175 gravius
1575 2109 1624 2155 in

335 2180 635 2228 continendo
680 2179 866 2245 ungulis
902 2180 1089 2243 penitus
1124 2177 1484 2243 perfringebant
1514 2192 1528 2234 3
1574 2188 1627 2222 ut

335 2248 563 2313 pleraque
580 2284 594 2306 ‚
612 2247 747 2295 velut
767 2247 937 2311 pedica
956 2259 1093 2311 capta
1110 2281 1125 2305 ,
1149 2245 1380 2293 liaererent
1397 2245 1444 2292 in
1462 2242 1627 2291 durata

339 2315 393 2364 δὲ
427 2315 519 2363 alte
543 2329 767 2363 concreta
801 2314 970 2379 glacie.

405 2380 669 2430 XXXVII.
690 2380 913 2430 Tandem
935 2417 949 2439 ‚
969 2378 1292 2446 nequidquam
1308 2377 1535 2442 jumentis
1565 2389 1630 2425 at·

409 2479 425 2507 1
446 2467 502 2506 Ut
532 2467 555 2507 ἁ
594 2467 743 2507 lubrica
773 2467 899 2521 glacie
929 2468 945 2520 ]
1014 2482 1131 2521 quum
1146 2469 1465 2520 prieterealocus
1479 2479 1630 2519 pronus

343 2526 450 2580 Quia
481 2542 625 2582 nempe
655 2522 730 2568 illis
765 2542 829 2569 res
866 2541 951 2568 erat
1016 2528 1138 2575 esset,
1164 2543 1232 2581 pes
1262 2526 1375 2569 citius
1394 2528 1431 2569 se
1463 2527 1628 2567 fallebat

342 2604 431 2637 curn
448 2590 595 2629 lubrica
613 2590 763 2644 glacie,
786 2589 847 2631 cui
878 2603 951 2628 ve·
1015 2591 1319 2644 labebaturque·

341 2650 492 2706 ssigium
508 2650 615 2706 infigi
633 2665 711 2697 non
729 2650 884 2707 posset:
910 2651 951 2693 δε

1531 2719 1627 2773 que
