1726 3073
423 109 773 166 LIBER
860 93 1128 168 XXL'
1337 122 1404 183 33

132 201 320 252 incultis
355 220 366 251 z
399 206 462 252 ibi
487 243 501 264 ,
539 203 846 271 inexploratb
890 203 1130 270 profectus
1160 241 1174 264 ‚
1212 205 1258 253 in
1301 203 1415 252 infi-
1443 200 1477 243 U
1498 211 1630 267 ⁰:534:

137 270 237 318 dias
273 274 590 337 praecipitatus
632 309 647 331 ‚
693 272 844 319 multa
898 288 1006 319 curn
1053 272 1182 319 caede
1225 271 1418 320 suorum
1444 259 1632 300 axam·

137 353 263 402 aegre
292 341 337 385 in
359 354 553 403 apertos
572 356 766 402 campos
789 337 976 387 emersu
996 354 1008 385 :
1025 336 1088 384 ibi
1119 336 1263 386 castra
1283 356 1418 386 com-

137 406 350 464 munita;
384 408 433 452 &
454 441 469 465 ,
501 407 609 471 quia
641 404 795 454 Gallis
824 405 884 452 ad
927 403 1152 453 tentanda
1181 421 1237 452 ea
1268 405 1423 455 defuit

135 469 274 534 speS,
309 471 472 520 refecti
519 471 624 520 sunt
661 473 864 520 militum
903 473 1088 530 animi,
1130 488 1422 537 quamquam

135 536 306 585 accisas
339 556 414 588 res
446 537 552 587 satis
595 538 858 588 constabat.
904 538 999 587 Iter
1033 538 1208 585 deinde
1251 538 1310 587 de
1348 540 1424 586 in·-

136 618 274 669 tegro
310 620 524 671 coeptum
558 621 572 664 ;
610 623 700 655 nec
724 643 737 666 ‚
787 606 900 653 dum
938 622 1022 671 per
1070 607 1281 670 patentia
1317 605 1425 653 loca

138 670 402 721 ducebatur
440 685 613 739 agmen
649 709 664 734 ‚
697 675 915 740 apparuit
954 669 1122 720 hostis:
1150 673 1234 719 ubi
1272 672 1426 720 rursus

135 737 285 803 sylvae
333 742 514 788 intratae
546 775 561 799 ‚
599 754 702 788 tum
749 739 1021 806 postremos
1071 739 1270 799 adorti,
1315 756 1427 788 curn

140 823 314 872 magna
351 807 671 871 trepidatione
693 823 747 854 ac
778 823 959 873 pavore
990 808 1205 855 omnium
1229 843 1243 865 ‚
1276 805 1431 854 offin-

139 887 311 936 gentos
355 875 528 923 milites
559 874 840 922 occiderunt
863 911 877 933 ‚
906 873 983 922 sex
1026 872 1152 938 figna
1184 874 1430 924 ademere.

138 938 267 987 Finis
297 941 348 989 &
382 940 534 990 Gallis
557 941 835 1000 territandi,
872 944 919 989 ὅ(
955 941 1164 1006 pavendi
1196 940 1429 990 Romanis

140 1004 257 1066 fuit,
282 1022 333 1056 ut
369 1024 428 1057 ex
462 1008 579 1057 saltu
606 1011 738 1057 invio
771 1023 914 1074 atque
945 1008 1186 1072 impedito
1211 1007 1429 1056 evasere:

140 1074 252 1122 inde
266 1112 283 1134 ‚
303 1077 479 1142 apertis
499 1077 617 1125 locis
633 1075 770 1124 facile
784 1090 989 1123 tutantes
1000 1092 1175 1140 agmen
1193 1112 1206 1134 ,
1219 1075 1433 1123 Romani

140 1140 418 1202 Tenemm,
453 1145 612 1192 vicum
651 1145 973 1209 propinquum
1015 1142 1147 1191 Pado
1174 1179 1188 1200 ‚
1226 1157 1433 1190 conten-

142 1208 277 1257 dere:
298 1210 360 1259 ibi
384 1211 430 1259 se
462 1212 766 1260 munimento
797 1210 856 1258 ad
887 1226 1078 1274 tempus
1098 1246 1111 1267 ‚
1143 1211 1435 1258 commeati-

144 1275 323 1340 busque
380 1278 585 1326 fluminis
622 1315 636 1337 ‚
691 1277 743 1325 &
792 1277 1121 1326 Brixianorum
1175 1274 1434 1324 Gallorum

146 1345 322 1392 auxilio
358 1345 585 1393 adversus
627 1343 918 1393 crescentem
949 1346 997 1393 in
1035 1344 1136 1392 dies
1169 1344 1435 1393 multitudi-

146 1428 258 1460 nem
283 1411 485 1460 hostium
527 1414 820 1462 tutabantur.

211 1478 399 1528 XXVI.
442 1479 548 1543 Qui
580 1479 806 1529 tumultus
852 1494 1026 1545 repens
1065 1475 1317 1544 postquam
1349 1474 1435 1526 'est

144 1544 355 1594 Romam
383 1550 620 1612 perlatus,
655 1548 705 1596 ὅ(
745 1546 973 1594 Punicum
1010 1545 1201 1611 insuper
1238 1544 1434 1594 Gallico

143 1613 276 1663 bello
313 1615 501 1664 auctum
539 1613 702 1663 Patres
744 1628 1070 1679 acceperunt3
1117 1612 1179 1661 C.
1230 1613 1434 1660 Atilium

147 1695 406 1745 praetorem
445 1699 555 1732 cum
588 1699 682 1729 una
700 1682 892 1748 legione
927 1680 1179 1738 Romana,
1215 1681 1267 1729 ὃ(
1295 1683 1437 1745 quin-

147 1765 240 1813 que
266 1750 472 1799 millibus
509 1749 745 1798 sociorum
764 1787 777 1808 ‚
811 1748 997 1798 delectu
1030 1765 1164 1797 novo
1188 1765 1215 1795 a
1242 1747 1437 1796 consule

149 1816 458 1882 conscriptis,
493 1817 717 1865 auxilium
755 1816 879 1865 ferre
915 1815 1104 1864 Manlio
1139 1814 1329 1877 jubent:
1356 1814 1438 1879 qui

148 1881 246 1932 fine
285 1885 382 1933 ullo
433 1886 693 1934 certamine
728 1882 749 1949 (
779 1881 1085 1933 abscesserant
1122 1884 1247 1930 enim
1304 1896 1436 1930 metu

150 1949 307 1999 hostes
329 1951 350 2018 )
371 1949 615 2002 Tanetum
647 1953 884 2018 pervenit.
910 1950 968 1999 Et
995 1951 1046 2000 P.
1064 1948 1321 1999 Cornelius
1342 1987 1356 2008 ,
1389 1950 1437 1996 in
1497 1943 1656 2014 P3C⁷0r⁶

147 2017 308 2066 locum
342 2018 445 2084 ejus
473 2056 487 2078 ‚
523 2037 628 2085 quae
670 2017 799 2067 missa
839 2036 947 2066 cum
988 2031 1193 2083 praetore
1241 2016 1394 2065 fuerat
1422 2053 1436 2076 ,
1467 2007 1593 2046 nehus

146 2085 424 2152 transcripte
477 2086 671 2153 legione
704 2085 834 2134 nov&
873 2124 884 2142 ‚
917 2084 1159 2151 profectus
1206 2084 1265 2132 ab
1320 2084 1436 2131 urbe
1468 2064 1556 2168 CZOs·
1576 2080 1658 2104 cm

148 2151 389 2220 sexaginta
412 2154 567 2220 longis
609 2155 843 2211 navibuS,
883 2167 1051 2216 praeter
1095 2169 1228 2201 oram
1248 2149 1441 2199 Etruriae
1469 2126 1648 2229 ⁶513an

155 2219 480 2286 Ligurumque
504 2259 519 2279 ,
552 2221 601 2270 ὃ(
629 2221 741 2269 inde
777 2219 978 2284 Salyum
1008 2234 1198 2268 montes
1220 2257 1232 2278 ‚
1258 2234 1442 2285 perve-
1468 2206 1615 2304 {Affi-

161 2289 235 2335 nit
256 2287 515 2336 Maffiliam
544 2326 559 2349 ,
595 2287 644 2335 &
687 2288 745 2336 ad
783 2289 1057 2352 proximum
1098 2285 1269 2336 ostium
1303 2286 1444 2336 Rho-
1475 2313 1589 2353 liam.

153 2353 304 2420 dani(
328 2356 538 2419 pluribus
577 2356 705 2404 enim
740 2353 912 2403 divisus
940 2356 1091 2403 amnis
1115 2356 1162 2401 in
1199 2369 1333 2402 mare
1353 2352 1446 2402 de·-

157 2421 334 2487 currit)
365 2421 507 2471 castra
533 2423 693 2481 locat3
730 2423 931 2472 vixdum
960 2422 1065 2470 satis
1098 2421 1298 2470 credens
1336 2419 1450 2468 An-

155 2489 369 2538 nibalem
396 2488 646 2555 superaffe3
671 2488 935 2555 Pyrenaeos
971 2506 1162 2538 montes
1188 2504 1200 2537 :
1236 2504 1381 2553 quem
1402 2500 1454 2536 ut

156 2557 217 2605 de
251 2555 475 2606 Rhodani
507 2573 699 2624 quoque
721 2557 913 2606 tranfitu
950 2559 1124 2624 agitare
1143 2555 1458 2605 animadver-

154 2624 241 2687 tit,
270 2625 476 2677 incertus
494 2661 509 2689 ,
540 2641 752 2693 quonam
781 2626 827 2675 ei
865 2625 978 2676 loco
999 2639 1274 2676 occurreret
1295 2660 1310 2684 ,
1342 2638 1462 2671 nec-

1159 2690 1255 2742 Bv
