1684 3088
342 110 417 188 38
635 115 1325 191 T11-1L1v11

123 211 311 272 Ure-534-
333 210 545 261 Annibal
576 212 810 267 Numidas
849 223 1034 285 equites
1069 227 1364 293 quingentos-
1385 230 1445 280 ad
1475 232 1621 285 castra

122 270 307 313 ‘Ul-213·
333 277 557 329 Romana
581 283 764 346 miserat
782 287 1076 352 speculatum
1094 330 1107 352 ‚
1127 293 1228 354 ubi,
1249 299 1299 344 ὃς
1319 314 1506 362 quantae
1529 320 1619 349 co-

124 381 163 421 E
331 347 420 410 piae
439 345 616 409 essent,
650 353 700 400 ὃ(
729 354 843 418 q-uid
874 374 1113 419 pararent*
1140 361 1266 411 Huic
1293 366 1376 412 alae
1405 370 1617 432 equiturn

145 384 311 485 rga-eff?
330 413 446 461 miffi
468 455 482 475 ‚
508 434 554 464 ut
577 419 687 467 ante
711 420 887 469 dffium
914 423 980 472 est
999 462 1013 484 ‚
1045 428 1103 475 ab
1125 427 1245 478 ostio
1279 431 1503 482 Rhodani
1523 448 1621 484 tre-

109 457 306 545 {nterNu-
327 484 454 529 centi
487 483 820 536 Romanorum
857 494 1042 555 equites
1076 512 1360 547 occurrunt:
1391 502 1618 565 proelium

110 563 234 605 midas
327 552 568 610 atrocius,
583 554 724 618 quam
745 574 833 619 pro
853 576 1055 608 numero
1075 568 1385 628 pugnantium
1406 605 1419 627 ,
1439 569 1615 619 editur.

114 635 216 674 500,
265 628 301 669 e>
326 614 453 664 Nam
479 636 651 683 praeter
673 624 819 671 multa
847 626 1076 687 vulnera,
1103 632 1255 680 caedes
1287 636 1432 682 etiam
1458 638 1613 702 prope

108 684 228 728 Rom.
321 700 410 748 par
444 690 683 754 utrimque
724 689 1073 759 fuit3fugaque
1098 697 1148 744 &
1190 717 1341 763 pavor
1383 701 1615 753 Numida·

102 755 212 803 300·
317 768 424 801 rum
445 752 681 805 Romanis
699 755 794 819 jam
810 760 1075 810 admodum
1093 763 1217 814 feffis
1236 805 1252 827 ,
1268 768 1512 817 viCioriam
1531 771 1619 821 de-

319 818 650 871 dit:vi&ores
685 825 746 873 ad
776 843 969 876 centum
1001 830 1271 898 sexaginta,
1312 853 1401 884 nec
1437 856 1614 889 omnes

316 885 659 949 Romani‚sed
689 909 796 957 pars
829 892 1113 956 Gallorum,
1147 900 1255 949 vieti
1290 905 1492 968 amplius
1524 906 1610 955 du·

316 957 443 1004 centi
489 959 780 1009 ceciderunt.
812 961 924 1011 Hoc
961 968 1242 1032 principium
1271 969 1404 1019 simul
1433 990 1606 1022 omen-

315 1037 410 1087 que
440 1023 593 1085 belli,
627 1042 676 1074 ut
713 1028 904 1078 summae
940 1049 1097 1081 rerum
1134 1036 1411 1101 prosperum
1450 1059 1606 1090 even-

311 1102 441 1150 tum,
460 1092 525 1139 ita
554 1093 679 1141 haud¹
702 1094 807 1143 sane
827 1099 1125 1148 incruentam
1155 1106 1461 1172 ancipitisque
1494 1126 1606 1157 cer-

307 1160 501 1206 taminis
537 1160 783 1210 vffioriam
804 1163 1037 1214 Romanis
1056 1173 1322 1233 portendit.
1341 1173 1411 1222 Ut
1439 1213 1450 1234 ‚
1472 1194 1519 1224 re
1541 1179 1606 1226 ita·

309 1223 473 1287 gesta,
497 1227 557 1275 ad
602 1244 858 1294 utrumque
895 1234 1153 1284 ducemini
1192 1239 1470 1301 redierunt,
1510 1262 1600 1293 nee

307 1289 524 1356 Scipioni
555 1294 676 1345 flare
700 1297 930 1348 sententia
962 1319 1184 1367 poterat,
1215 1307 1297 1354 nisi
1329 1325 1380 1358 ut
1400 1327 1456 1358 ex
1480 1328 1598 1359 con-

303 1356 412 1407 filiis
443 1364 704 1429 coeptisque
741 1366 884 1416 hostis
924 1371 973 1417 ὃ(
1003 1369 1103 1435 ipse
1130 1390 1328 1422 conatus
1368 1394 1600 1443 caperet}

303 1424 358 1474 &
390 1428 681 1480 Annibalem
705 1434 966 1496 incertum,
988 1454 1145 1487 utrum
1169 1457 1380 1507 coeptum
1412 1448 1456 1498 in
1491 1445 1595 1495 Ita-

301 1491 415 1543 liam
444 1500 718 1547 intenderet
738 1503 827 1551 iter
844 1543 858 1565 ,
879 1522 936 1552 an
963 1523 1072 1554 cum
1108 1525 1170 1558 eo
1190 1547 1204 1568 ‚
1241 1514 1319 1576 qui
1343 1514 1521 1577 primus
1543 1514 1605 1565 se

301 1562 541 1613 obtulisset
584 1567 832 1617 Romanus
874 1576 1133 1634 exercitus,
1168 1595 1334 1627 manus
1368 1580 1596 1632 consere.-

297 1645 364 1677 ret
389 1668 414 1689 „
430 1635 602 1682 avertit
636 1653 661 1682 a
695 1637 910 1700 praesenti
932 1646 1190 1693 certamine
1208 1645 1437 1695 Boiorum
1461 1651 1593 1716 lega·

295 1701 457 1746 torum
495 1702 739 1768 regulique
761 1705 943 1772 Magali
969 1710 1231 1773 adventus,
1253 1717 1333 1779 qui
1358 1715 1403 1764 se
1442 1717 1591 1768 duces

293 1763 547 1826 itinerum,
579 1769 733 1818 socios
755 1774 947 1836 periculi
981 1776 1087 1826 fore
1119 1779 1406 1831 affirmantes
1426 1820 1439 1841 ‚
1479 1800 1496 1830 1
1521 1787 1590 1833 inv

279 1840 437 1898 ‘tegro
469 1835 602 1885 bello
621 1875 634 1894 ,
664 1839 891 1905 nusquam
917 1845 1026 1891 ante
1055 1845 1212 1895 libatis
1245 1851 1424 1898 viribus
1443 1890 1456 1909 ,
1483 1851 1589 1901 Ita-

291 1898 404 1948 liam
427 1906 802 1969 aggrediendam
837 1910 1046 1961 censent.
1078 1913 1343 1965 Multitudo
1382 1920 1584 1969 timebat

289 1969 486 2031 quidem
532 1972 715 2022 hostem
741 2012 755 2034 ‚
790 1978 1006 2027 nondum
1056 1983 1310 2032 obliterata
1344 1989 1586 2037 memoria.

286 2032 541 2098 superioris
566 2041 678 2090 belli
701 2059 717 2102 3¹
752 2042 832 2092 sed
866 2049 1015 2111 magis
1054 2050 1142 2097 iter
1175 2052 1457 2102 immensum
1486 2055 1582 2103 Al-

285 2102 464 2169 pesque
489 2144 501 2162 ,
534 2124 560 2154 2
588 2125 688 2157 rem
721 2108 850 2160 fama
884 2116 1045 2180 utique
1075 2118 1338 2184 inexpertis
1377 2120 1577 2172 horren-

285 2169 429 2229 dam,
474 2177 738 2226 metuebat.

351 2237 514 2290 XXX.
539 2241 703 2309 Itaque
718 2244 957 2307 Annibal,
979 2248 1083 2314 post
1118 2269 1260 2316 quam
1282 2254 1363 2318 ipsi
1387 2255 1580 2306 senten-

278 2303 345 2353 tia
375 2305 501 2357 stetit
529 2328 733 2378 pergere
757 2316 821 2363 ire
842 2353 854 2375 ‚
878 2331 1022 2383 atque
1044 2317 1227 2368 Italiam
1260 2338 1425 2386 petere
1451 2362 1462 2384 ‚
1487 2325 1574 2373 ad-

347 2429 365 2457 1
414 2418 569 2475 Integra
600 2422 704 2463 bello
722 2425 748 2478 ]
776 2425 891 2466 Bello
1021 2441 1045 2468 2
1065 2429 1159 2469 Rem
1169 2429 1282 2484 famei*
1299 2433 1446 2487 utique]
1469 2435 1571 2475 Rem

276 2478 466 2532 nusquam
485 2481 574 2523 antL²
589 2487 891 2536 tentato,cuius
954 2490 1113 2529 arduam
1137 2507 1207 2544 per
1225 2493 1262 2532 se
1280 2521 1291 2538 ,
1322 2494 1384 2533 sed
1407 2497 1571 2546 praser-

277 2552 330 2578 εκ
358 2553 547 2593 apparatu
584 2545 806 2601 viribusque
835 2549 890 2588 ni·
953 2549 1020 2589 tim
1043 2579 1053 2597 ,
1089 2552 1114 2592 si
1145 2554 1230 2606 quis
1260 2569 1345 2595 earn
1376 2570 1427 2596 ex
1466 2558 1566 2597 fama

276 2598 330 2638 hil
363 2600 581 2646 delibatum
610 2618 678 2651 aut
709 2608 892 2653 imminu·
952 2611 1103 2652 tannim
1142 2616 1328 2662 noverit,
1364 2631 1570 2671 nunquam*

278 2669 364 2701 tum
384 2662 501 2709 esset.
953 2684 1142 2729 expertus
1159 2704 1182 2724 ,.
1203 2676 1463 2723 horrendam0
