1684 3088
247 104 438 197 7286
640 126 1338 198 T1T1L1v121

109 230 559 314 l«if-‘53Sec1uorurn
603 234 1018 300 praebendorum,
1066 255 1123 287 ae
1169 237 1390 288 fimilium
1431 238 1502 289 his
1549 249 1659 291 rev-'¹

108 297 305 338 ²⁹⁹·214‘
322 320 460 364 rum3
484 319 763 354 convenere
786 305 849 353 ad
879 322 965 354 eos
992 304 1301 373 frequentes,
1326 309 1409 375 qui
1435 325 1455 375 5
1482 308 1626 359 hastae

320 371 462 439 hujus
503 374 693 439 generis
742 371 1041 425 assueverant
1067 411 1085 435 ‚
1129 374 1402 442 hortatique
1449 376 1623 427 censo·
1655 378 1682 430 ’ζ

321 458 397 491 res
420 478 435 502 ,
468 443 539 490 ‘Ut
583 442 736 489 omnia
775 442 959 506 perinde
991 457 1200 509 agerent,
1233 444 1459 503 locarent,
1501 462 1557 492 ac
1573 445 1624 508 st

312 511 515 576 pecunia
547 510 595 556 in
621 510 773 557 aerario
808 508 924 574 estet.
958 512 1230 568 Neminem,
1263 513 1352 576 nist
1376 512 1489 559 bello
1514 529 1619 559 con-

306 576 462 643 fibk,
487 578 731 644 pecuniam
779 579 836 624 ab
871 580 1021 626 aeran'o
1057 581 1299 645 petiturum
1341 578 1433 644 ff.
1468 577 1617 628 Con-

311 661 495 696 venere
531 644 710 697 deinde
747 645 933 693 domini
961 663 1132 696 eorum
1157 684 1174 707 ,
1207 664 1331 713 quos
1370 645 1449 695 Ti.
1474 646 1617 696 Sem-

311 716 513 785 pronius
547 712 606 759 ad
632 710 974 762 Beneventum
1007 732 1153 764 manu
1180 714 1429 772 emiserat3
1461 714 1617 764 arces·
1670 771 1676 775 ⁷

310 780 515 847 fitosque
551 779 597 828 se
627 780 685 829 ab
712 780 741 829 6
782 782 1039 833 triumviris
1067 782 1308 832 mensariis
1348 781 1440 833 effe
1480 783 1616 831 dixe·
1657 827 1668 840 ,

310 865 453 909 runt,
491 861 540 896 ut
575 850 729 915 pretia
762 847 1007 903 servorum
1046 853 1361 918 acciperent3
1398 852 1615 900 ceterum

296 934 408 967 non
425 916 536 966 ante
554 953 569 977 ,
597 917 742 983 quam
757 917 890 967 bello
909 918 1163 980 ςοηξεὲὶο,
1188 934 1476 984 accepturos
1498 919 1612 970 effe,

265 1036 267 1038 ,
304 985 481 1051 Quum
513 984 615 1034 haec
653 985 898 1036 inclinatio
934 989 1208 1037 animorum
1259 988 1414 1053 plebis
1443 987 1504 1036 ad
1530 986 1611 1035 su-

303 1053 573 1102 stinendam
609 1054 828 1118 inopiam
868 1057 1019 1103 aerarii
1044 1054 1181 1105 fieret
1201 1055 1460 1121 ;·²pecuniae
1485 1072 1611 1122 quo-

298 1138 396 1188 que
419 1121 681 1186 pupillares
707 1122 864 1187 primi>
882 1160 899 1184 ‚
922 1123 1099 1173 deinde
1121 1123 1373 1172 viduarum
1391 1160 1405 1183 ,
1433 1137 1608 1188 coeptae

299 1189 541 1249 conferri,
590 1187 823 1255 nusquam
868 1207 949 1240 eas
981 1193 1127 1241 tutius
1176 1190 1466 1257 sanffiusque
1511 1190 1607 1240 dess

299 1274 488 1324 ponere
531 1257 870 1315 credentibus,
899 1260 980 1324 qui
1022 1259 1341 1320 deferebant,
1371 1258 1518 1325 quam
1554 1260 1604 1308 in

297 1325 494 1392 publica
519 1323 645 1375 fide:
665 1326 779 1374 inde
799 1363 813 1385 ,
840 1324 870 1373 fi
894 1328 1009 1392 quid
1034 1343 1255 1394 emptum
1283 1341 1600 1393 paratumque

293 1393 496 1461 pupillis
528 1410 584 1442 ac
623 1394 781 1443 viduis
812 1392 974 1456 foret,
1010 1413 1043 1461 7
1071 1395 1097 1444 ὲ
1129 1393 1363 1461 quaestore
1395 1394 1605 1460 perscri-

1038 1499 1065 1540 7
1091 1486 1129 1525 A
1148 1480 1604 1539 quaestoreperscribeba-

977 1547 1067 1599 tur]
1104 1544 1299 1598 Perscribi
1315 1544 1486 1598 pecunia
1504 1544 1601 1586 dics‘i-

977 1618 1042 1648 ωι-
1057 1636 1069 1654 ,
1093 1622 1208 1663 quam
1227 1620 1310 1648 non
1336 1605 1598 1661 praesentibus

294 1484 450 1541 ligendi
486 1481 580 1536 equi
616 1481 683 1536 qui
721 1496 911 1532 currum,

295 1546 365 1586 ubi
391 1546 488 1587 effet
509 1546 603 1585 sella
620 1544 768 1584 curulis
784 1573 795 1592 ,
834 1555 912 1585 tra·

295 1608 464 1650 hebant.
493 1605 789 1660 Magistratibus
806 1620 914 1647 nem·

285 1683 345 1723 pe
362 1669 566 1710 curulibus
584 1666 677 1721 equi
689 1681 738 1707 ex
752 1668 914 1722 publico

291 1733 594 1785 praebebantur.

366 1806 385 1843 5
423 1791 554 1842 Hasta
578 1790 686 1841 hujus
718 1791 911 1846 generis]

294 1854 429 1895 Hastae
472 1851 799 1906 {subjiciebantur
817 1881 829 1901 ,
873 1854 913 1894 id

296 1917 354 1956 est
370 1945 384 1962 ,
416 1914 522 1954 hasta
540 1913 664 1968 posita
690 1915 910 1966 venibant,

293 1990 546 2032 quaecunque
578 1975 738 2030 publice
759 1991 911 2017 venun-

294 2041 442 2080 dabant
461 2038 661 2085 Roman13
683 2052 795 2079 more
817 2038 910 2080 inde

292 2100 469 2141 dedusto
496 2098 604 2154 quod
634 2099 768 2153 primis
803 2111 909 2140 tem-

293 2163 461 2216 poribus
496 2175 542 2201 ea
563 2160 715 2201 tantum
748 2161 908 2213 publice

293 2224 486 2265 venibant
505 2251 516 2269 ,
545 2236 632 2276 quae
662 2224 771 2262 bello
790 2235 908 2276 capta

291 2286 468 2327 fuerant.
493 2284 557 2324 Ad
579 2282 724 2324 hastam
745 2297 905 2337 quoque

292 2346 444 2388 fiebant
466 2345 693 2386 locationes
724 2346 905 2399 publico·

292 2423 380 2450 rum
399 2421 584 2462 operum.
604 2407 744 2459 ltaque
759 2406 823 2460 qui
837 2407 908 2445 Iza-

282 2471 354 2522 stae
371 2470 477 2522 hujus
485 2468 636 2525 generis
647 2466 904 2521 affueverant‚

290 2532 321 2571 ii
339 2532 425 2572 sunt
441 2560 452 2580 ,
472 2530 539 2585 qui
568 2529 752 2570 similibus
784 2530 905 2570 rebus

286 2592 568 2633 conducendis
591 2591 857 2633 assueverant.

353 2655 382 2694 6
413 2652 639 2694 Triumvin's
665 2651 900 2709 mensariis]

288 2714 390 2764 [vid.
405 2715 517 2771 supra
533 2714 675 2761 XXII.
696 2728 717 2757 2
728 2725 769 2759 1·

978 1670 1152 1710 nummis
1192 1681 1447 1710 numeramus
1475 1694 1487 1714 ‚
1524 1666 1593 1708 sed

978 1745 1052 1785 per
1094 1730 1326 1784 scripturam
1367 1730 1417 1770 de
1458 1729 1593 1769 mensa

978 1793 1168 1834 solvimus
1187 1824 1199 1842 ‚
1228 1792 1268 1832 id
1299 1791 1383 1837 est,
1417 1789 1597 1845 solviju-

976 1855 1117 1896 bemus
1135 1848 1253 1894 abeo
1268 1853 1373 1907 apud
1392 1866 1510 1906 quem
1535 1865 1596 1893 ar-

975 1928 1139 1971 gentum
1179 1914 1401 1970 depositum
1442 1914 1596 1954 habea-

973 1990 1077 2018 mus·
1110 1977 1188 2018 Hic
1226 1990 1326 2031 ergo
1363 1974 1481 2029 hujus
1509 1975 1591 2017 loci

973 2038 1104 2080 sensus
1124 2039 1194 2080 est,
1214 2038 1351 2078 Exilla
1363 2038 1533 2091 pecunia
1550 2036 1591 2077 in

973 2101 1155 2141 aerarium
1185 2100 1332 2140 collata
1349 2097 1375 2138 fi
1401 2098 1494 2152 quid
1516 2113 1593 2153 pu-

971 2162 1078 2216 pillis
1107 2160 1287 2202 viduisve
1318 2170 1495 2213 emptum
1516 2169 1589 2200 aut

969 2234 1150 2277 paratum
1189 2223 1298 2262 foret
1320 2248 1331 2268 ,
1352 2221 1392 2260 id
1427 2231 1588 2274 emptor

969 2299 1049 2325 non
1063 2282 1260 2339 praesente
1278 2282 1446 2337 pecunia
1460 2282 1592 2322 solve·

968 2346 1069 2392 bat,
1114 2345 1182 2385 sed
1211 2344 1379 2399 jubebat
1419 2343 1517 2383 solvi
1561 2345 1585 2384 ἐι

969 2405 1168 2460 quaestore
1189 2434 1200 2454 ,
1236 2406 1278 2447 ὅ(
1314 2404 1586 2460 chirographo

968 2468 1065 2509 dato
1085 2496 1097 2515 ,
1130 2467 1360 2515 remittebat
1391 2467 1585 2507 vendito—

968 2543 1053 2570 rem
1084 2530 1134 2569 ad
1163 2528 1396 2584 quaestorem
1415 2556 1426 2574 ,
1451 2531 1471 2567 a
1499 2541 1581 2580 quo

965 2591 1142 2645 pretium
1169 2592 1227 2634 tei
1248 2601 1391 2648 emptae
1406 2589 1581 2634 solvere-

967 2663 1051 2700 tur.
