1684 3088
312 156 388 218 80
610 162 1294 236 T1T1L1V11

95 251 287 321 {Ic-5312·-
312 257 462 320 magis
495 256 649 322 saeva,
695 264 747 314 &
798 283 906 314 cum
942 270 1181 337 utriusque
1217 279 1359 341 partis
1392 279 1605 344 pernicie

67 310 284 372 ‚assfflb'
310 324 479 373 clarior
518 327 669 378 fuisset
693 368 708 391 ‚
740 330 773 380 si
808 337 1000 384 extendi
1034 356 1139 387 eam
1181 341 1282 392 dies
1321 347 1366 392 in
1404 346 1602 415 longum

308 388 510 455 spatium
543 395 730 447 fiviffer.
774 399 887 450 Nox
916 406 1166 456 accensum
1199 410 1475 477 ingentibus
1508 421 1607 465 ani·

307 460 398 507 mis
425 463 647 526 proelium
684 467 875 518 diremit
904 491 916 521 :
946 473 1106 539 itaque
1161 480 1314 528 acrior
1352 483 1603 533 concursus

304 524 428 587 fuit,
461 530 605 595 quam
647 534 829 594 caedes;
856 536 933 597 &‚
963 539 1077 590 ficut
1109 561 1292 609 aequata
1324 547 1477 598 ferme
1518 569 1606 617 pu·

308 610 401 661 gna
439 611 570 656 erat,
607 600 670 648 ita
705 602 840 652 clade
870 608 968 669 pari
992 609 1247 667 ,discessum
1273 613 1364 663 est:
1395 617 1453 665 ab
1482 635 1603 667 neu·

305 674 377 710 tra
407 681 542 729 parte
574 666 807 718 sexcentis
831 674 934 736 plus
966 677 1204 739 peditibus
1226 719 1240 742 ,
1269 683 1319 730 ὅ(
1353 683 1605 736 dimidium

306 727 408 793 ejus
458 736 674 799 equitum
738 740 924 789 cecidit.
974 742 1070 792 Sed
1114 746 1269 811 major
1315 749 1551 801 Romanis
1588 791 1606 815 ,

310 797 454 862 quam
491 819 580 866 pro
637 821 841 856 numero
875 845 889 867 ‚
925 807 1102 872 jasiura
1140 813 1261 876 fuit3
1303 821 1413 882 quia
1454 837 1606 886 eque·
1675 879 1678 882 ,

302 862 403 913 stris
454 870 633 918 ordinis
680 873 889 939 aliquot,
933 878 982 926 ὃ(
1014 880 1188 930 tribuni
1225 885 1428 934 militum
1466 891 1608 954 quin-

306 950 432 997 que,
478 937 526 984 &
574 939 782 1003 praeseffl
836 943 1072 996 sociorum
1121 963 1249 1011 tres,
1305 954 1408 1002 sunt
1454 957 1606 1005 inter-

305 998 434 1050 fecti.
468 1002 743 1055 Secundum
792 1026 898 1059 eam
933 1032 1143 1080 pugnam
1184 1019 1392 1069 Annibal
1427 1023 1472 1068 in
1521 1025 1604 1072 Li-

305 1084 443 1134 gures
468 1108 481 1130 ‚
519 1071 834 1140 Sempronius
865 1078 1042 1129 Lucam
1086 1087 1331 1137 concessit.
1370 1089 1602 1141 Venienti

305 1138 355 1183 in
410 1137 604 1204 Ligures
653 1142 918 1206 Annibali,
974 1167 1059 1215 per
1115 1153 1303 1203 insidias
1349 1159 1602 1225 intercepti

306 1202 404 1251 duo
437 1207 692 1271 quaestores
738 1212 976 1277 Romani,
1012 1217 1072 1266 C.
1109 1220 1300 1271 Fulvius
1335 1224 1385 1271 δε
1418 1226 1477 1275 [η
1502 1228 1600 1276 Lu·-

306 1274 478 1329 cretius
512 1313 526 1335 ‚
580 1295 687 1326 cum
738 1281 926 1330 duobus
993 1287 1190 1335 tribunis
1242 1292 1445 1340 militum
1484 1331 1497 1353 ,
1548 1297 1599 1345 &L

306 1341 521 1407 quinque
573 1346 801 1411 equestris
835 1351 1011 1401 ordinis
1049 1355 1318 1407 ienatorum
1352 1359 1503 1410 ferme
1537 1364 1602 1410 li-

307 1406 468 1468 beris,
502 1412 596 1476 quo
641 1417 792 1480 magis
835 1432 983 1467 ratam
1022 1419 1126 1470 fore
1167 1441 1275 1473 cum
1320 1426 1391 1475 his
1429 1447 1603 1495 pacem

308 1473 688 1545 societatemque
725 1484 972 1544 crederet,
1011 1490 1279 1541 traduntur.

82 1545 281 1602 Resgestae
379 1542 484 1592 LX.
525 1545 659 1596 Dum
693 1549 795 1599 haec
820 1554 867 1600 in
892 1552 1024 1603 Italia
1057 1575 1315 1623 geruntur,
1350 1561 1444 1612 Cn.
1474 1564 1604 1614 Cor-

80 1607 280 1649 an.Sci-
309 1611 460 1660 nelius
482 1611 670 1681 Scipio,
689 1619 736 1665 in
773 1620 1051 1685 Hispaniam
1075 1643 1183 1674 cum
1212 1628 1349 1677 classe
1386 1631 1437 1679 ὅ(
1457 1649 1603 1682 exer-

81 1668 202 1737 piane
240 1670 278 1711 in
307 1680 401 1730 citu
422 1680 577 1731 missus
599 1721 612 1744 ,
635 1702 810 1751 quum,
834 1689 891 1736 ab
921 1690 1041 1740 ostio
1078 1693 1302 1744 Rhodani
1323 1699 1566 1762 profectus
1583 1739 1600 1763 ,

85 1727 238 1798 fis‘ffim‘
303 1747 655 1818 Pyrenaeosque
698 1770 889 1804 montes
931 1760 1308 1824 circumvectus,
1353 1764 1598 1833 Emporiis

302 1817 555 1882 appulisset
587 1820 804 1883 classem,
845 1826 1066 1891 exposito
1099 1829 1165 1878 ibi
1194 1833 1434 1892 exercitu,
1467 1835 1599 1886 orsus

301 1901 329 1933 a
359 1883 637 1948 Lacetanis,
680 1908 880 1940 omnem
937 1911 1072 1943 oram
1119 1897 1263 1963 usque
1313 1901 1373 1948 ad
1403 1900 1596 1953 Iberum

301 1952 484 2002 flumen
508 1992 521 2014 ,
560 1959 730 2021 partim
778 1962 1069 2012 renovandis
1116 1964 1419 2016 societatibus
1442 2007 1455 2030 ,
1480 1989 1597 2036 par·

299 2022 385 2068 tim
416 2023 558 2072 novis
591 2023 912 2089 instituendis,
958 2028 1195 2082 Romanae
1235 2035 1430 2084 ditionis
1461 2036 1596 2092 fecit.

300 2085 425 2137 Inde
465 2092 716 2141 conciliata
750 2095 1017 2146 clementiae
1054 2098 1179 2149 fama
1202 2139 1217 2162 ,
1265 2120 1364 2150 non
1405 2104 1464 2152 ad
1497 2126 1599 2157 ma·

301 2156 492 2206 ritimos
527 2160 678 2208 modo
724 2164 934 2228 populos
962 2202 976 2225 ‚
1025 2166 1104 2216 sed
1138 2171 1185 2216 in
1232 2171 1598 2228 mediterraneis

301 2241 499 2290 quoque
531 2244 585 2274 ac
617 2231 856 2279 montanis
880 2269 891 2289 ‚
927 2233 986 2281 ad
1010 2233 1272 2286 ferociores
1305 2236 1398 2300 jam
1424 2257 1594 2306 gentes

299 2293 484 2352 valuit3
524 2310 612 2342 nec
646 2314 738 2360 pax
777 2300 927 2347 modo
955 2303 1082 2366 apud
1125 2320 1242 2363 eos»,
1277 2305 1359 2354 sed
1393 2308 1595 2362 societas

299 2361 445 2407 etiam
482 2378 721 2411 armorum
758 2383 921 2430 parata
971 2369 1068 2427 est;
1104 2373 1374 2438 validaeque
1409 2376 1594 2442 aliquot

298 2428 583 2477 auxiliorum
650 2432 878 2482 cohortes
926 2452 984 2484 ex
1038 2438 1091 2485 iis
1152 2441 1431 2507 conscriptae
1476 2447 1595 2501 sunt.

297 2493 556 2544 Hannonis
586 2497 648 2545 cis
683 2497 877 2550 Iberum
921 2505 1168 2569 provincia
1197 2523 1332 2569 erat3
1363 2527 1473 2558 eum
1508 2532 1591 2565 re—

295 2561 496 2627 liquerat
533 2563 741 2614 Annibal
776 2569 834 2616 ad
879 2573 1087 2636 regionis
1141 2573 1242 2639 ejus
1281 2577 1547 2641 praesidium
1577 2603 1589 2632 :

292 2630 455 2695 itaque
497 2633 764 2698 priusquam
799 2637 1114 2688 alienarentur
1162 2646 1357 2704 omnia,
1388 2646 1589 2700 obvi-am

295 2698 507 2747 eundum
562 2717 688 2752 ratus
722 2740 735 2763 ,
776 2703 930 2754 castris
985 2710 1032 2756 in
1077 2709 1335 2778 conspeslu
1382 2713 1591 2772 hostiurn
