1684 3088
352 156 472 216 290
657 139 1350 198 T1T1L1vl1

134 231 324 298 U«9-53‘8·
346 240 533 306 aliquot
571 237 733 290 frustra
781 243 845 290 ibi
878 240 1170 308 absumptis,
1218 242 1464 303 Annibal,
1491 252 1654 309 quum*

134 291 322 339 ³³³⁸*
343 324 516 356 eorum
543 312 816 375 nemo‚qui
838 312 897 357 ad
918 311 1072 358 lacum
1101 314 1286 360 Averni
1313 310 1540 370 adissent,
1561 324 1643 359 aut

345 374 433 440 ipfi
472 377 699 425 venirent
726 414 740 436 ‚
791 392 872 426 aut
926 380 1144 427 nuntium
1184 378 1427 428 litterasve
1475 379 1644 427 mitte-

340 458 485 504 rent,
523 461 646 492 vana
684 444 906 510 promissa
946 445 993 494 se
1031 461 1214 495 temere
1267 447 1480 496 secutum
1532 462 1640 493 cer-

340 527 463 559 nens
488 547 502 570 ‚
533 510 678 562 castra
711 514 824 561 inde
846 515 1018 561 movit.
1044 513 1175 562 Tum
1208 531 1402 581 quoque
1423 552 1437 575 ‚
1466 512 1642 562 intaeto

336 595 456 644 agro
489 577 755 628 Tarentino
819 581 1154 648 (quamquam
1200 581 1414 630 simulata
1467 581 1640 630 lenitas

337 647 576 695 nihildum
607 646 854 713 profuerat
880 687 894 708 ‚
924 665 1087 697 tamen
1117 649 1198 715 spe
1220 649 1560 700 labefauandae
1582 646 1644 696 fi-

342 714 422 764 dei
472 715 598 763 haud
633 713 890 783 absistens)
945 715 1184 782 Salapiam
1232 732 1283 765 ut
1325 720 1493 777 venit,
1533 714 1642 764 fru-

340 798 561 836 mentum
602 799 662 831 ex
713 785 837 850 agris
893 782 1239 850 Metapontino
1296 799 1438 852 atque
1482 784 1645 832 Hera-

338 849 505 899 cliensi
538 849 669 916 (jam
705 853 866 900 media
894 851 1024 901 aestas
1047 852 1208 902 exausta
1244 869 1373 912 erat,
1408 854 1460 902 &
1483 851 1658 900 hiber-,

339 919 414 966 nis
449 918 670 984 placebat
696 919 875 987 locus)
902 936 1194 985 comportat.
1237 920 1506 970 Praedatum
1526 920 1639 969 inde

338 984 567 1035 Numidae
604 986 861 1051 Maurique
885 1005 969 1052 per
988 988 1302 1037 Sallentinum
1334 1006 1501 1054 agrurn
1525 1005 1643 1052 pro-

337 1054 591 1120 ximosque
629 1053 818 1120 Apuliae
869 1055 1007 1103 saltus
1048 1054 1256 1103 dimiffi:
1295 1057 1422 1105 unde
1469 1068 1642 1104 ceterae

338 1121 514 1187 praedae
532 1121 659 1170 haud
691 1123 894 1171 multum
918 1161 936 1181 ,
962 1139 1197 1189 equorum
1233 1140 1404 1189 greges
1435 1123 1643 1172 maxime

344 1189 538 1249 abaeli3
569 1207 596 1239 e
622 1191 792 1255 quibus
840 1191 899 1239 ad
940 1208 1146 1258 quatuor
1195 1192 1344 1240 millia
1398 1191 1643 1241 domanda

354 1259 595 1323 equitibus
625 1258 790 1307 divisa.

186 1330 330 1371 Rerum
417 1324 558 1375 XXI.
613 1326 862 1387 Romani,
906 1344 1054 1392 quum
1108 1326 1292 1376 bellurn
1339 1343 1644 1393 nequaquam

129 1392 255 1460 stsftfss
291 1391 331 1431 1⁸1²
351 1395 765 1442 contemnendum
808 1396 856 1442 in
911 1395 1073 1443 Sicilia
1116 1397 1319 1444 oriretur
1352 1433 1367 1453 ‚
1420 1394 1645 1461 morsque

138 1454 298 1494 5¹⁶¹l1‘11·
347 1464 541 1525 tyranni
579 1461 723 1511 duces
754 1464 904 1528 magis
942 1464 1177 1529 impigros
1216 1462 1415 1511 dedisset
1439 1462 1648 1528 Syracu-

344 1529 496 1588 sanis,
547 1530 691 1595 quam
734 1548 752 1578 1
793 1530 979 1578 causam
1017 1548 1095 1579 aut
1140 1532 1328 1580 animos
1385 1529 1643 1589 mutasset,

344 1597 421 1646 M.
462 1596 698 1649 Marcello
732 1597 866 1647 alteri
913 1598 1160 1647 consulum
1197 1616 1304 1648 eam
1341 1599 1646 1664 provinciam

345 1665 628 1714 decernunt.
664 1665 940 1714 Secundum
988 1665 1288 1733 Hieronymi
1327 1666 1509 1715 caedem
1541 1667 1650 1732 pri·-

342 1735 431 1784 mb
452 1734 796 1782 tumultuatum
819 1736 866 1782 in
895 1733 1145 1784 Leontinis
1176 1735 1304 1801 apud
1331 1735 1506 1783 milites
1544 1734 1652 1784 fue-

344 1816 419 1851 rat
440 1839 454 1860 ‚
478 1801 899 1868 vociferatumque
934 1802 1161 1853 ferociter
1182 1840 1195 1860 ,
1237 1822 1262 1852 2
1296 1802 1648 1862 parentandum

345 1870 449 1936 regi
474 1871 696 1935 sanguine
729 1870 1088 1933 conjuratorum
1122 1869 1231 1921 effe.
1273 1869 1469 1918 Deinde
1496 1870 1649 1919 liber-

347 1940 457 1986 tatis
496 1938 718 1986 restitutae
747 1938 886 1988 dulce
914 1939 1076 1987 auditu
1107 1956 1288 1987 nomen
1322 1938 1492 1987 crebro
1518 1937 1650 1986 usur·

347 2020 516 2072 patum
538 2043 552 2063 ,
589 2005 694 2070 spes
724 2003 845 2054 fafia
873 2023 933 2055 ex
960 2009 1162 2072 pecunia
1197 2008 1327 2072 regia
1362 2006 1648 2073 largitionis,

347 2073 627 2139 militiaeque
668 2073 925 2139 fungendae
962 2076 1168 2139 potioris
1221 2073 1450 2131 ducibus,
1494 2074 1545 2121 &L
1572 2089 1651 2121 re-

348 2141 445 2191 lata
468 2142 663 2206 tyranni
694 2141 827 2190 foeda
857 2142 1034 2192 scelera
1056 2141 1374 2207 foedioresque
1395 2141 1648 2200 libidines,

419 2260 439 2290 1
460 2245 655 2302 Causam]
688 2244 812 2301 Causa
830 2246 894 2287 hic
915 2247 970 2287 est
1038 2245 1154 2300 causa
1175 2246 1289 2299 effen,
1312 2247 1350 2286 in
1373 2262 1445 2301 qua
1463 2262 1532 2302 ego
1546 2244 1653 2300 fnis-

350 2308 392 2351 ‘id
410 2311 517 2365 quod
537 2309 695 2351 Gallic‘e
709 2310 974 2363 dicimuspar-
1030 2306 1110 2361 sem
1128 2336 1139 2355 ,
1164 2323 1241 2347 non
1265 2308 1303 2348 in
1329 2310 1458 2348 eadem
1482 2308 1551 2362 effe
1562 2307 1652 2362 for-

355 2372 389 2412 ti
420 2385 432 2412 ε
480 2371 816 2425 quemadmodum
869 2371 973 2423 saepe
1037 2382 1146 2410 tuna.
1169 2370 1219 2409 Et
1240 2369 1371 2410 rursus
1389 2384 1428 2411 n.
1447 2379 1518 2421 31.
1533 2369 1652 2424 quiin

356 2433 506 2474 Cicero
519 2431 659 2473 eadem
673 2446 775 2473 voce
789 2431 913 2474 utitur
925 2431 974 2471 ad
1038 2432 1125 2470 acie
1157 2431 1300 2472 cecidit
1326 2459 1337 2476 ,
1378 2431 1443 2483 qui
1471 2431 1510 2470 in
1535 2429 1650 2485 caus:

360 2493 618 2548 designandas
635 2504 769 2548 partes
786 2494 975 2535 caesaria·
1039 2493 1204 2533 animam
1231 2491 1426 2547 profizclsst.

360 2569 431 2596 nas
452 2555 778 2609 Pompeianasve.
808 2556 873 2596 Sic
901 2569 976 2608 pro
1100 2567 1125 2594 2
1143 2552 1432 2594 Parentandum
1449 2553 1466 2606 ]
1483 2552 1602 2604 Expia
1612 2567 1654 2592 n·

362 2615 496 2671 Marc.
521 2632 559 2656 n.
596 2629 637 2658 2.
668 2632 778 2671 quum
807 2616 975 2657 viderem
1041 2616 1127 2655 dam
1148 2616 1253 2668 regis
1284 2625 1480 2663 mortem,
1503 2614 1653 2658 Manes

361 2678 483 2718 sairam
510 2678 657 2725 talem,
688 2679 752 2733 qui
779 2678 816 2719 in
846 2680 975 2719 eadsm
1039 2677 1142 2733 regis
1160 2677 1396 2733 placandos.
