1675 3083
344 91 1059 149 L13ERXX'V'
1227 108 1353 167 379

52 198 142 237 'nec
168 187 327 236 abnuit
352 188 645 247 Marcellus,
671 187 768 251 jam
795 203 894 237 tum
920 188 1234 249 AEtolorum,
1261 207 1343 238 cu·
1362 208 1410 251 U,
1416 221 1448 249 ς
1462 221 1566 258 540·

49 253 124 318 jus
152 257 306 321 gentis
335 255 446 305 socii
480 255 838 305 Lacedaemonii
868 269 1004 304 erant
1027 291 1041 314 ,
1081 258 1339 306 amicitiam
1358 275 1399 309 a.
1407 263 1455 307 C
1460 276 1571 307 212.

51 319 376 372 affefiantibus
414 323 667 373 Romanis.
702 323 784 372 Ad
821 323 1122 399 colloquium
1159 324 1219 373 de
1257 342 1342 374 re-

51 389 340 453 demptione
372 389 475 454 ejus
512 390 693 450 miffis,
731 390 918 439 medius
955 391 1163 438 maxime
1200 406 1344 456 atque

52 457 258 522 utrisque
295 466 597 522 opportunus
631 460 762 507 locus
787 495 802 518 ,
841 457 901 506 ad
934 474 1132 522 portum
1165 455 1349 525 Trogi-

51 523 226 572 liorum
251 561 266 584 ,
303 540 501 589 propter
535 528 727 585 turrim,
765 543 908 590 quam
944 539 1122 574 vocant
1155 523 1252 573 Gal
1240 526 1348 575 lea-

51 607 184 656 gram
210 628 224 652 ,
261 591 327 640 est
363 592 505 641 visus.
544 592 664 658 Quo
700 610 847 659 quum
882 592 1047 657 saepius
1090 608 1349 643 commea-

51 673 192 717 rent,
222 676 342 708 unus
374 676 432 708 ex
453 659 721 719 Romanis,
756 677 815 708 ex
847 662 1125 725 propinquo
1156 676 1346 708 murum

51 727 442 791 contemplatus,
461 744 629 777 numer
634 697 998 792 andolapides‚
1036 725 1358 776 aestimando-1

51 809 144 858 que
172 793 272 858 ipse
303 793 462 842 secum
488 795 646 860 ,quid
680 813 706 842 2
736 796 783 842 in
813 795 972 844 fronte
1005 808 1229 876 paterent
1254 793 1348 842 fin-

49 860 181 932 guli,
209 861 511 910 altitudinem
536 863 694 920 muri,
716 864 948 926 quantum
975 861 1197 925 proxime
1224 880 1347 911 con-

46 924 238 1009 ᾗεὲἶιπ3
247 942 468 992 poterat,
492 928 799 993 permensus,
826 929 1242 994 humilioremque
1259 930 1348 979 ali-

49 995 229 1058 quanto
259 993 453 1059 pristina
478 997 714 1061 opinione
735 995 811 1044 sua
837 996 890 1044 &
927 1012 1200 1044 ceterorum
1229 1014 1347 1044 om-

48 1063 182 1110 nium
214 1076 340 1110 ratus
375 1061 466 1111 effe
491 1099 506 1122 ,
546 1063 600 1112 &
629 1064 712 1112 vel
744 1063 1083 1115 mediocribus
1097 1059 1228 1110 scalis
1261 1062 1348 1113 su·-

48 1129 315 1194 perabilem
342 1166 358 1191 ,
402 1129 463 1177 ad
500 1129 783 1180 Marcellum
825 1147 928 1180 rem
974 1129 1161 1179 defert.
1194 1127 1362 1182 Haud:

45 1194 320 1261 spernenda
361 1197 500 1247 visa:
529 1197 652 1256 sed,
692 1215 841 1263 quum
876 1198 996 1246 adiri
1038 1198 1214 1255 leem,
1260 1202 1355 1264 qui·

47 1264 115 1312 ob
152 1263 358 1330 idipsum
388 1266 616 1314 intentius
655 1265 1011 1315 custodiebatur
1034 1301 1049 1322 ,
1088 1280 1189 1314 non
1224 1266 1344 1329 pos-

46 1330 157 1393 set,
193 1331 385 1382 occafio
418 1333 752 1401 quaerebatur·
741 1370 769 1393 ,
793 1351 935 1399 quarn
976 1333 1151 1383 obtulit
1185 1346 1348 1381 trans-

47 1369 195 1465 fuga,
229 1403 483 1460 nuntians,
520 1418 542 1467 3
575 1402 704 1449 diem
733 1400 904 1449 festum
940 1399 1110 1448 Dianae
1140 1416 1230 1466 per
1261 1403 1361 1450 tri-w

47 1466 195 1516 duum
234 1469 348 1533 agi,
387 1468 478 1527 &3
511 1471 622 1534 quia
649 1470 780 1517 31ἱ3
769 1487 817 1516 m
853 1467 1107 1518 obsidione
1146 1465 1344 1530 defint,
1352 1517 1361 1521 ,

45 1535 165 1586 vino
203 1535 378 1613 largius
417 1537 585 1600 epulas
620 1536 868 1587 celebrari
873 1573 887 1595 ,
928 1535 978 1583 &
1016 1536 1076 1583 ab
1115 1534 1363 1602 Epicyde·

48 1603 254 1669 praebito
284 1621 366 1652 um
353 1603 518 1653 iversae
547 1603 743 1669 plebei,
777 1604 828 1652 ὅ(
861 1621 957 1669 per
970 1619 1004 1651 tt
1002 1604 1119 1652 ibus
1150 1622 1176 1652 a
1205 1603 1345 1669 prin-

49 1670 234 1736 cipibus
268 1670 436 1720 diviso.
471 1670 528 1719 Id
560 1671 639 1720 ubi
673 1674 860 1737 accepit
892 1671 1190 1731 Marcellus,
1227 1688 1359 1719 cum-

47 1740 211 1804 paucis
242 1738 544 1788 tribunorum
578 1740 783 1790 militnm
816 1739 1122 1799 collocutus,
1154 1737 1346 1788 31εᾶἱῖ-

47 1822 145 1871 que
182 1823 268 1871 per
295 1823 389 1855 eos
425 1807 485 1855 ad
519 1822 621 1855 rem
659 1822 843 1856 tantam
876 1806 1114 1873 agendam
1152 1807 1346 1856 auden·-

49 1874 477 1939 damque.idoneis
506 1876 862 1925 centurionibus
893 1874 1218 1940 militibusque
1242 1913 1258 1933 ‚
1289 1873 1354 1924 &.

43 1941 181 1991 scalis
214 1943 262 1990 in
292 1942 488 1991 occulto
521 1946 811 2009 comparatis
837 1944 1060 2004 ,ceteris
1092 1941 1362 2011 4.s1gnumv

105 2040 132 2067 2
151 2026 198 2066 In
219 2025 390 2080 fronte]
412 2028 456 2068 In
483 2029 658 2070 altitudi-
721 2032 851 2073 sumus
874 2031 972 2071 diem
993 2030 1134 2085 festum
1165 2047 1238 2086 per
1264 2034 1343 2071 tri-

46 2101 114 2129 ne.
135 2089 330 2128 Nimirum
363 2090 430 2129 ille
456 2089 658 2132 Romanus
722 2093 1104 2148 duumAExpungev-ti
1119 2093 1365 2142 diem-OVl21

46 2160 259 2197 numerat,
297 2161 397 2204 quot
426 2152 577 2203 lapides
608 2156 658 2193 ab
725 2154 810 2195 dius
844 2169 925 2199 non
955 2157 1074 2198 semel
1100 2154 1241 2207 festum
1285 2156 1338 2197 fic

48 2210 130 2250 imo
162 2225 275 2251 muro
303 2212 353 2251 ad
390 2212 579 2253 summum
602 2214 658 2254 es·
722 2215 830 2258 nude
861 2217 901 2258 ὃ(
920 2217 1100 2260 absolute
1123 2217 1343 2270 usurpavit.

46 2272 134 2313 sent
164 2286 174 2312 ε
205 2271 366 2313 aestimat
388 2273 470 2326 ipse
499 2274 656 2321 secum,
725 2276 813 2319 Lib.
846 2277 880 2318 I.
906 2277 1005 2319 Fast.
1038 2296 1078 2322 v.
1116 2289 1212 2328 190.
1238 2278 1368 2320 Pars.>

51 2333 147 2387 quid
178 2333 218 2372 in
254 2333 390 2374 fronte
411 2362 422 2382 ‚
440 2335 476 2375 id
508 2336 563 2376 est
584 2364 595 2383 ,
622 2337 662 2376 in
727 2338 818 2380 mihi
842 2340 887 2378 de
911 2338 1014 2392 festo
1036 2357 1083 2382 ne
1107 2339 1214 2380 labet
1251 2341 1340 2380 ulla

50 2394 467 2447 altitudinepaterent
484 2395 628 2451 finguli
648 2411 662 2438 .·
729 2411 816 2440 tuo.
847 2400 900 2440 Et
921 2402 947 2439 l.
971 2402 1043 2443 111.
1065 2418 1108 2442 v.
1131 2413 1229 2453 199.
1247 2400 1367 2457 Fesln

51 2456 145 2504 inde
180 2456 335 2510 colligit
353 2488 365 2506 ,
392 2471 481 2512 quae
497 2457 542 2499 fit
573 2459 666 2501 alti·
729 2473 771 2500 ta
786 2476 886 2516 para
906 2461 1045 2518 Conso,
1069 2464 1120 2504 Et
1152 2463 1245 2504 alibi
1265 2463 1341 2504 sae-

49 2517 153 2559 tudo
186 2517 287 2557 muri
322 2517 455 2571 ipfius.
728 2523 833 2576 pius.

121 2587 139 2630 3
162 2577 426 2633 Diemfistum
438 2579 584 2622 Dianae
596 2596 668 2635 per
790 2596 819 2633 4
840 2583 999 2638 Signum
1037 2586 1154 2641 clari]
1179 2586 1361 2642 Nempe

51 2638 217 2689 zgciduum
230 2638 322 2698 agi]
337 2641 462 2690 Ferre
479 2644 665 2698 nonpos-
727 2658 800 2699 pet
824 2644 1024 2692 tessezam
