1684 3088
295 159 408 216 226
583 158 1275 219 T1-r1L1v1-1

77 248 482 328 1329535-armatis
520 255 813 306 tranffuitare
853 274 960 306 mos
1004 272 1149 306 erat:
1186 273 1314 307 tanta
1348 257 1593 309 velocitati<

75 308 261 348 ²⁹⁶2&
287 323 393 387 ipsis
415 362 428 383 ,
457 338 652 391 tamcsue
677 325 834 374 docile
861 343 1097 390 equorum
1129 342 1278 392 genus
1300 325 1385 375 est.
1412 326 1586 391 Quum

287 391 382 439 hoc
409 392 561 441 modo
589 392 791 441 instructi
817 391 1018 453 starent,
1046 395 1393 459 imperatorum
1423 395 1589 443 utrius-

286 474 380 524 que
411 462 554 526 partis
579 461 707 509 haud
735 460 888 509 ferme
915 459 1122 526 dispares
1148 460 1254 526 spes
1277 478 1409 511 erant
1432 479 1442 508 ε
1472 478 1585 510 narn

285 542 350 575 ne
380 529 581 576 multum
617 528 813 594 quidem
840 565 853 587 ‚
891 543 970 577 aut
1010 545 1213 578 nurnero
1238 566 1249 585 ‚
1288 545 1366 576 aut
1402 541 1590 595 genere

287 595 495 645 militum
518 633 532 654 ‚
566 597 611 643 hi
640 611 717 644 aut
746 596 812 644 issi
845 595 1143 659 praestabant.
1175 596 1407 646 Militibus
1435 597 1589 663 longe

286 662 442 728 dispar
474 667 656 712 animus
688 679 804 712 erat.
832 663 1064 712 Romanis
1094 665 1221 712 enim
1245 702 1261 722 ,
1291 681 1584 730 quamquam

285 731 459 796 procul
497 749 522 779 a
556 733 708 797 patria
742 745 1047 797 pugnarent,
1082 730 1220 779 facile
1258 731 1586 797 persuaserant

286 798 433 847 duces
458 836 470 858 ,
507 816 596 864 pro
629 798 763 848 Italia
791 815 936 865 atque
968 798 1084 848 urbe
1118 798 1340 849 Romana
1374 816 1459 849 eos
1494 817 1588 865 pu-

283 883 431 933 gnare
463 883 473 914 :
504 869 665 933 itaque
684 905 701 927 ,
736 868 871 918 velut
900 866 1069 934 quibus
1093 867 1271 916 reditus
1301 870 1348 916 in
1380 875 1585 934 patriam

284 950 347 983 eo
383 934 648 984 discrimine
679 953 851 1002 pugnae
884 949 1187 996 verteretur,
1224 934 1587 985 obstinaverant

285 1003 457 1050 animis
481 1039 496 1060 ‚
527 1004 721 1052 vincere
749 1020 828 1052 aut
855 1004 993 1052 mori.
1026 1002 1189 1050 Minus
1216 1005 1486 1068 pertinaces
1508 1004 1588 1050 vi-

284 1087 365 1118 ros
399 1069 607 1119 habebat
631 1072 778 1120 altera
807 1072 1086 1119 aciesznam
1113 1073 1320 1119 maxima
1347 1085 1456 1137 pars
1481 1069 1591 1119 His-

285 1140 401 1203 pani
437 1153 609 1197 erant3
644 1141 723 1205 qui
754 1140 883 1187 vinci
912 1139 960 1186 in
993 1137 1222 1201 Hispania
1248 1175 1264 1197 ‚
1299 1139 1444 1205 qnam
1479 1140 1587 1205 vic-

285 1219 417 1254 tore-s
453 1207 499 1253 in
534 1206 721 1256 Italiam
753 1206 874 1254 tra-hi
899 1242 912 1265 ,
951 1206 1211 1255 malebant.
1246 1205 1405 1257 Primo
1443 1207 1588 1273 igitur

286 1273 518 1322 concursu
543 1311 558 1334 ,
590 1292 736 1341 quum
765 1276 846 1323 vix
874 1274 969 1339 pila
998 1272 1218 1339 conjeGia
1244 1273 1392 1324 essent
1410 1310 1426 1335 ‚
1453 1289 1590 1324 retu-

284 1340 339 1389 lit
366 1341 545 1407 pedem
572 1342 730 1391 media
757 1344 881 1390 acies
900 1380 914 1402 ‚
938 1341 1345 1408 inferentibusque
1374 1341 1470 1391 sese
1493 1360 1594 1391 ma·-

285 1426 386 1475 gno
427 1413 609 1475 impetu
649 1410 883 1459 Romanis
925 1426 1059 1477 terga
1095 1412 1259 1459 vertit.
1304 1408 1469 1459 Nihili>
1508 1409 1591 1461 se-

287 1478 422 1543 gnius
456 1479 503 1526 in
539 1479 762 1528 cornibus
795 1478 1025 1544 proelium*
1053 1477 1140 1527 fuit
1172 1495 1182 1525 :
1224 1478 1335 1526 hinc
1372 1477 1546 1527 Poenus
1572 1515 1591 1539 ,

283 1545 394 1594 hinc
417 1545 539 1594 Afer
561 1562 733 1614 urget3
763 1547 816 1595 &
845 1546 980 1596 velut
1003 1548 1051 1594 in
1075 1548 1432 1595 circumventos
1458 1564 1590 1612 proe-

282 1613 352 1661 lio
381 1614 576 1680 ancipiti
604 1630 837 1681 pugnant.
863 1613 960 1663 Sed
990 1631 1139 1681 quum
1164 1616 1213 1663 in
1243 1614 1455 1663 medium
1482 1628 1590 1664 tota

289 1679 387 1745 jam
423 1681 586 1731 coisset
617 1682 844 1731 Romana
876 1684 1004 1731 acies
1024 1719 1039 1744 ‚
1074 1682 1179 1731 satis
1213 1684 1388 1731 virium
1418 1682 1478 1731 ad
1511 1682 1590 1731 di-

290 1752 540 1799 movenda
576 1751 782 1800 hostium
824 1768 1002 1799 cornua
1038 1750 1202 1800 habuit
1238 1767 1249 1797 :
1287 1752 1448 1816 itaque
1488 1750 1596 1800 duo·

102 1848 275 1891 mmm
295 1816 479 1866 diversa
518 1820 690 1883 proelia
726 1833 863 1867 erant
893 1835 903 1866 :
936 1833 1144 1885 utroque
1179 1817 1430 1877 Romani,
1472 1833 1500 1865 2
1539 1833 1591 1867 ur

84 1878 266 1952 Rornani.
293 1886 409 1951 qui,
446 1885 587 1952 pulsis
619 1887 814 1936 tandem
847 1886 1017 1935 mediis
1044 1923 1058 1942 ,
1102 1887 1152 1935 &
1180 1902 1383 1937 numero
1418 1885 1469 1934 ὃ(
1499 1903 1591 1935 ro-

290 1954 413 2002 bore
448 1956 665 2003 virorum
706 1953 980 2019 praestarent
1004 1992 1018 2014 ,
1055 1953 1180 2002 haud
1217 1954 1357 2003 dubie
1396 1953 1595 2020 supera-

290 2037 416 2070 runt.
453 2021 633 2087 Magna
666 2024 737 2071 vis
770 2023 1024 2072 hominum
1053 2022 1120 2070 ibi
1150 2021 1336 2085 occisa3
1374 2022 1426 2071 δε
1454 2059 1469 2082 ,
1506 2020 1598 2072 nisi.-

293 2089 494 2153 Hispani
523 2086 721 2138 vixdum
751 2089 973 2141 conserto
1005 2090 1179 2156 proelio
1209 2103 1305 2137 tam
1324 2087 1486 2139 ‘effuse
1515 2089 1594 2139 fu-

293 2156 459 2221 gissent
491 2194 505 2216 ‚
556 2157 784 2224 perpauci
837 2174 897 2206 ex
941 2171 1045 2207 tota
1094 2155 1425 2223 superfuissent
1472 2159 1592 2207 acie.

291 2223 529 2289 Equestris
560 2243 720 2291 pugna
745 2225 875 2273 nulla
905 2225 1170 2274 admodum
1203 2223 1325 2282 suin
1356 2226 1463 2288 quia
1483 2262 1497 2283 ‚
1532 2224 1593 2274 fi-

294 2293 393 2341 mul
425 2293 694 2342 inclinatam
722 2293 935 2342 mediam
969 2295 1124 2342 aciem
1156 2293 1316 2340 Mauri
1343 2291 1592 2341 Numidae-

294 2377 389 2427 que
423 2360 648 2410 viderunt
673 2398 688 2421 ‚
725 2360 975 2427 extemplo
1002 2360 1117 2428 fuga
1144 2358 1294 2410 effusa
1323 2359 1450 2409 nuda
1479 2378 1592 2410 cor-

358 2477 385 2506 2
417 2463 475 2506 Ut
506 2465 569 2519 qui
593 2466 714 2521 pulsis
757 2468 913 2507 tandem
978 2466 1172 2507 concursu
1188 2464 1362 2506 retulisse
1381 2463 1590 2518 pedem,&

298 2527 432 2567 mediis
464 2527 482 2581 ]
515 2527 713 2569 Particula
757 2530 913 2567 tandem
976 2530 1096 2582 paulo
1142 2526 1229 2581 post
1258 2537 1371 2580 terga
1412 2525 1591 2566 venisse·

298 2588 363 2629 hic
382 2590 515 2629 locum
536 2590 683 2630 habere
705 2590 812 2643 posse
831 2604 911 2630 non
978 2589 1098 2630 Poffis
1117 2590 1253 2643 legere
1266 2586 1473 2642 pulsisjam
1491 2599 1587 2635 tum,

299 2650 460 2691 videtur
476 2679 488 2696 ,
511 2665 628 2704 quum
657 2651 784 2691 media
804 2652 911 2692 acies
974 2651 1133 2706 veljam-
1148 2655 1238 2692 ante
1257 2648 1414 2692 mediis.

300 2711 412 2764 {upra
450 2712 604 2752 dicatur
624 2714 752 2767 primo
785 2711 917 2753 statim
