1684 3088
326 182 440 239 244
603 164 871 226 Tri-1
956 169 1289 249 L¹.V11

79 249 299 325 ''U-9537·
322 264 453 312 mille
505 261 556 312 &
597 263 833 312 ducentos
876 264 1064 330 equites
1108 263 1336 314 confecit.
1382 261 1509 314 Cum
1541 264 1613 314 his

106 327 296 371 ’ΜΨ-15·
319 333 538 397 equiturn
560 332 872 396 peditumque
912 333 1063 397 copiis
1095 331 1336 397 profectus
1371 332 1420 379 in
1445 348 1613 398 agrum

319 397 524 447 hostium
551 435 567 459 ‚
601 400 725 448 haud
785 399 954 463 procul
985 399 1044 447 ab
1081 398 1409 466 Hampsicorae
1455 398 1614 447 castris

318 464 466 514 castra
523 465 694 532 posuit.
737 465 1057 530 Hampsicora
1098 480 1201 516 tum
1252 467 1378 515 forte
1420 465 1613 532 profec-

319 548 397 582 tus
427 548 528 583 erat
562 536 610 582 in
649 550 675 582 2
708 532 905 582 Pellitos
940 534 1117 583 Sardos
1151 572 1165 599 ‚
1209 536 1268 582 ad
1308 532 1610 597 juventutem

320 602 598 650 armandam
617 637 630 660 ‚
653 602 746 667 qua
762 603 926 666 copias
957 617 1171 668 augeret.
1199 601 1342 650 Filius
1362 598 1492 663 ejus,
1512 616 1613 649 no·-

310 670 450 720 mine
475 668 668 718 Hiostus
690 705 704 728 ‚
735 667 891 717 castris
925 683 1126 734 praeerat
1147 688 1157 718 ε
1182 670 1220 717 is
1245 706 1259 730 ‚
1284 667 1611 721 adolescentia

315 735 458 799 ferox
483 774 498 797 ‚
531 751 716 785 temere
750 737 926 802 proelio
960 738 1078 784 inito
1118 735 1243 784 fusus
1294 733 1611 802 fugatusque:

315 804 380 853 ad
413 808 501 854 tria
537 805 684 852 millia
706 803 965 853 Sardorum
997 822 1056 852 eo
1086 805 1260 869 proelio
1294 802 1436 862 caesa,
1460 802 1612 851 offin-

315 874 450 938 genti
485 871 639 921 ferme
675 873 777 922 vivi
826 872 969 937 capti.
1003 873 1140 921 Alius
1172 874 1407 920 exercitus
1453 871 1611 935 primo

315 955 406 1004 per
449 957 589 1006 agros
632 938 885 1005 sylvasque
930 938 1043 1006 fuga
1080 941 1296 1005 palatus3
1326 939 1470 996 dein,
1513 939 1612 1003 quo

317 1006 493 1054 ducem
542 1005 707 1073 fugisse
765 1007 892 1054 fama
935 1022 1063 1066 erat,
1092 1007 1152 1054 ad
1189 1006 1358 1054 urbem
1410 1008 1610 1054 nomine

316 1071 537 1123 Cornum
562 1112 577 1135 ‚
610 1087 752 1140 caput
786 1073 886 1136 eius
912 1074 1120 1140 regionis
1139 1111 1153 1133 ‚
1178 1072 1422 1140 confugit:
1442 1072 1611 1121 debel-

314 1140 566 1209 latumque
606 1159 666 1191 eo
699 1143 871 1206 proelio
904 1143 952 1191 in
975 1141 1188 1190 Sardinia
1208 1138 1352 1201 esset,
1385 1141 1433 1188 ni
1458 1138 1611 1190 claffis

316 1207 496 1258 Punica
530 1227 640 1258 cum
687 1210 808 1258 duce
848 1208 1119 1258 Asdrubale
1144 1246 1157 1268 ‚
1191 1225 1296 1274 quae
1325 1206 1609 1274 tempestate

315 1275 504 1338 deiecta
531 1277 590 1326 ad
616 1277 840 1326 Baleares
876 1291 1008 1336 erat,
1042 1279 1088 1324 in
1114 1290 1340 1342 tempore
1375 1276 1436 1324 ad
1474 1275 1609 1341 spem

315 1344 584 1394 rebellandi
619 1343 896 1393 advenisset.
933 1344 1140 1392 Manlius
1172 1343 1276 1410 post
1309 1344 1486 1391 famam
1528 1361 1613 1409 ap-

315 1412 463 1478 pulsae
483 1412 672 1462 Punicae
692 1412 838 1461 claffis
856 1450 872 1470 ,
899 1411 1095 1462 Carales
1119 1412 1162 1460 se
1197 1413 1412 1478 recepit:
1446 1426 1503 1459 ea
1532 1429 1612 1459 oc-

317 1478 443 1529 casio
477 1479 804 1547 Hampsicorae
826 1481 935 1530 data
980 1479 1130 1529 Poeno
1165 1477 1210 1528 se
1244 1478 1489 1546 jungendi.
1516 1478 1610 1526 As-

319 1547 490 1597 drubal
508 1586 522 1608 ,
557 1550 710 1614 copiis
732 1551 778 1596 in
814 1562 989 1597 terram
1022 1545 1273 1612 expositis,
1294 1547 1345 1595 δί
1371 1545 1509 1596 classe
1537 1563 1614 1595 re-

319 1615 459 1664 missa
499 1615 843 1682 Carthaginem
868 1653 881 1676 ‚
918 1616 1038 1666 duce
1083 1614 1397 1681 Hampsicora
1433 1614 1493 1663 ad
1537 1613 1615 1664 so-

323 1684 511 1732 ciorum
559 1685 731 1749 populi
796 1682 1006 1733 Romani
1059 1700 1226 1750 agrum
1283 1681 1616 1748 populandum

320 1750 597 1814 profecius‚
628 1750 827 1800 Carales
872 1765 1188 1816 perventurus
1217 1766 1316 1798 erat
1339 1788 1353 1811 ,
1392 1753 1439 1798 ni
1472 1749 1613 1798 Man-

318 1817 409 1866 lius
444 1820 592 1868 obvio
626 1819 838 1868 exercitu
868 1820 927 1868 ab
975 1817 1118 1868 effusa
1147 1835 1258 1870 eum
1296 1819 1612 1884 populatione

320 1885 640 1935 continuiffet.
677 1886 836 1935 Primo
871 1885 1014 1935 castra
1037 1885 1195 1935 castris
1221 1885 1419 1934 modico
1456 1887 1613 1934 inter-

318 1954 450 2002 vallo
488 1954 590 2002 sunt
636 1953 856 2017 objecta,
895 1954 1071 2003 deinde
1111 1951 1495 2020 procursationes
1535 1953 1614 2001 le-

315 2022 491 2086 viaque
519 2023 779 2070 certamina
814 2024 947 2073 vario
981 2038 1162 2071 eventu
1197 2023 1339 2080 inita3
1366 2020 1613 2086 postremo

318 2088 596 2137 descensum
629 2091 677 2138 in
725 2091 911 2151 aciem,
949 2089 1177 2157 signisque
1226 2090 1408 2137 collatis
1435 2127 1450 2146 ‚
1489 2086 1611 2153 justo

323 2157 497 2221 proelio
529 2174 614 2222 per
647 2173 852 2222 quatuor
883 2159 1024 2207 horas
1059 2171 1339 2223 pugnatum.
1374 2155 1475 2204 Diu
1514 2175 1611 2221 pu·-

117 2258 238 2299 ‘'une''
322 2241 465 2289 gnam
507 2226 765 2288 ancipitem
801 2224 971 2281 Poeni,
1015 2223 1174 2273 Sardis
1213 2223 1351 2272 facile
1383 2225 1511 2272 vinci
1541 2223 1613 2272 as·

103 2279 170 2360 ise}
191 2277 286 2363 ἧς]
321 2291 494 2351 suetis,
523 2290 768 2351 fecerunt3
803 2291 1049 2357 postremo
1089 2292 1141 2340 &
1177 2290 1261 2358 ipsi
1285 2330 1298 2351 ,
1327 2308 1473 2357 quum
1506 2309 1612 2340 om-

106 2383 230 2425 mni.
322 2361 402 2408 nia
440 2359 564 2407 circa
602 2358 752 2425 strage
779 2377 832 2406 ac
863 2358 975 2426 fuga
1011 2359 1273 2408 Sardorum
1307 2360 1494 2424 repleta
1534 2359 1611 2408 es·
1683 2384 1684 2403 ι

321 2426 426 2476 sent
444 2463 460 2486 ‚
488 2425 573 2475 fust
598 2443 609 2474 ε
643 2427 856 2475 ceterum
885 2441 1021 2493 terga
1050 2427 1217 2475 dantes
1243 2462 1257 2485 ‚
1283 2426 1608 2477 circumduclo

320 2512 500 2554 cornu,
534 2511 633 2561 quo
681 2494 933 2559 pepulerat
974 2494 1180 2554 Sardos,
1213 2493 1393 2543 inclusit
1429 2493 1613 2543 Roma-

167 2135 302 2180 ‘Pm-

105 2198 215 2246 lium,
230 2215 302 2254 quo

385 2593 410 2620 2
429 2577 602 2618 Pellitos
616 2579 784 2633 Sardos]
805 2580 934 2620 Sardi·
997 2581 1045 2620 ad
1062 2583 1278 2622 arcendum
1301 2583 1422 2636 frigus
1443 2581 1608 2623 mastru-

320 2639 396 2681 niae
416 2642 612 2693 ‘populum
634 2668 645 2688 ,
680 2642 744 2694 qui
778 2641 867 2695 quia
895 2642 932 2682 in
998 2642 1055 2680 cis
1078 2643 1118 2682 ὅ(
1148 2645 1319 2695 pellibus
1347 2645 1559 2683 utebantur
1592 2659 1604 2687 t

320 2701 517 2748 moptanis
547 2702 777 2743 habitabant
794 2731 804 2751 ,
839 2703 931 2744 ideo
996 2704 1103 2747 unde
1124 2705 1200 2745 illis
1224 2719 1369 2748 nomen
1395 2704 1554 2746 Pella-³.
