1684 3088
668 142 936 205 T1T1
1019 148 1353 213 L1v11

345 157 425 214 44

45 234 58 239 ‘
127 227 398 284 Ue·534.s1s
426 236 619 302 rupibus
646 237 777 303 juxta
799 245 929 294 invia
961 264 1017 297 ac
1053 248 1197 298 devia
1240 251 1403 302 assueti
1451 246 1630 305 decura
1683 298 1684 318 ἶ

129 286 314 331 ‘hc-2¹3·
341 318 466 352 runt.
490 303 621 355 Tum
658 311 776 358 vero
802 312 937 362 fimul
955 315 1014 363 ab
1040 316 1275 378 hostibus,
1302 319 1435 369 simul
1458 323 1516 371 ab
1543 326 1635 373 ini-

341 373 522 435 quitate
575 374 795 425 locorum
851 380 988 430 Poeni
1028 387 1461 451 oppugnabantur3
1507 391 1635 455 plus-

339 454 433 503 que
461 441 582 489 inter
607 443 732 506 ipsos
763 444 785 511 (
810 444 891 494 fibi
927 466 1120 516 quoque
1156 455 1411 513 tendente,
1437 471 1486 504 ut
1508 461 1635 522 peri-

338 507 449 554 culo
477 510 602 572 prius
627 512 894 580 evaderet)
924 517 1067 582 quam
1091 537 1198 568 cum
1231 520 1441 571 hostibus
1476 541 1637 574 certa-

336 574 477 621 minis
507 590 622 625 erat.
653 576 771 645 Equi
804 585 1009 632 maxime
1032 586 1256 635 infestum
1283 607 1458 655 agmen
1492 590 1636 642 facie·

337 639 481 701 bant,
514 645 593 707 qui
633 645 683 692 &
718 648 1006 700 clamoribus
1041 653 1231 703 dissonis
1253 692 1267 714 ‚
1295 675 1415 721 quos
1454 675 1634 708 nemo-

335 724 386 754 ra
411 710 554 757 etiam
588 714 964 782 repercuffaeque
993 722 1142 770 valles
1173 724 1411 788 augebant
1433 761 1448 783 ‚
1479 728 1632 776 territi

335 777 690 840 trepidabant3
732 782 783 830 &
814 782 890 831 itti
939 785 1064 835 forte
1102 803 1182 838 aut
1226 792 1461 840 vulnerati
1502 793 1629 843 adeo

335 846 798 909 consternabantur,
843 865 894 899 ut
947 852 1152 920 stragem
1204 857 1454 923 ingentem
1493 859 1629 910 simul

333 909 652 962 hominumac
677 915 959 968 sarcinarum
980 924 1136 971 omnis
1155 928 1342 989 generis
1372 925 1587 977 facerent
1613 946 1626 977 t

336 993 364 1025 2
400 979 666 1045 multosque
705 984 870 1044 turba,
902 1005 1050 1053 quum
1083 994 1348 1057 praecipites
1377 993 1628 1060 deruptae-

331 1060 426 1108 que
477 1050 713 1114 utrimque
757 1054 980 1119 angustiae
1027 1056 1213 1118 essent,
1249 1062 1295 1108 in
1340 1062 1625 1113 immensum

332 1111 592 1162 altitudinis
637 1116 815 1179 deJecit
851 1138 866 1180 3
899 1123 1133 1187 quosdam
1169 1126 1217 1173 δέ
1262 1142 1506 1188 armatos;
1545 1130 1627 1181 sed

329 1182 477 1228 ruinae
527 1185 745 1232 maximae
781 1189 934 1237 modo
973 1188 1187 1253 jumenta
1228 1211 1335 1242 cum
1381 1197 1627 1249 oneribus.

330 1243 462 1309 Quae
515 1267 806 1316 quamquam
847 1254 978 1304 foeda
1019 1258 1118 1308 visu
1171 1276 1327 1321 erant,
1372 1261 1495 1313 stetit
1527 1283 1624 1329 pa-

328 1331 526 1379 rumper
583 1332 746 1368 tamen
790 1319 1034 1384 Annibal,
1073 1343 1128 1375 ac
1183 1326 1291 1376 suos
1350 1331 1620 1395 continuit,

327 1397 390 1429 ne
434 1385 691 1433 tumuitum
722 1404 776 1435 ac
808 1391 1178 1456 trepidationem
1219 1413 1451 1462 augeret:
1483 1399 1622 1449 dein-

325 1447 424 1506 de,
460 1450 710 1517 postquam
749 1456 1033 1526 interrumpi
1074 1478 1248 1528 agmen
1285 1465 1447 1524 vidit,
1485 1469 1623 1532 peri-

326 1515 584 1586 culumque
612 1519 703 1571 esse
722 1559 735 1581 ,
759 1540 821 1573 ne
866 1542 1062 1577 exutum
1085 1530 1447 1594 impedimentis
1480 1549 1619 1585 exer-

324 1585 475 1633 citum
530 1591 855 1655 nequidquam
922 1594 1218 1646 incolumem
1274 1599 1546 1650 traduxisset
1599 1639 1617 1664 ,

321 1651 532 1702 decurrit
567 1673 624 1703 ex
659 1659 899 1721 superiore
942 1663 1087 1724 loc03
1123 1665 1206 1726 &‚
1237 1683 1386 1730 quum
1428 1669 1616 1733 impetu

317 1718 425 1783 eipso
473 1720 663 1772 fudiffet
705 1724 927 1789 hostem,
973 1731 1062 1780 suis
1108 1750 1303 1798 quoque
1358 1737 1617 1787 tumultum

319 1789 450 1835 auxit
469 1805 479 1835 z
498 1789 574 1837 sed
595 1793 632 1838 is
653 1795 884 1844 tumultus
912 1814 1165 1849 momento
1187 1804 1421 1866 temporis
1447 1841 1460 1863 ,
1479 1804 1617 1870 post-

318 1870 464 1918 quam
487 1857 684 1907 liberata
715 1861 884 1912 itinera
901 1863 1014 1932 fuga
1044 1882 1389 1918 montanorum
1407 1909 1421 1929 ‚
1449 1887 1610 1935 erant,

317 1921 509 1972 sedatur
531 1940 546 1983 ;
571 1943 660 1975 nec
680 1944 767 1992 per
797 1932 950 1979 otium
973 1934 1155 1994 modo,
1183 1935 1263 1984 sed
1293 1938 1446 2001 prope
1473 1938 1616 1989 sllen-

315 1991 386 2038 tio
416 2008 735 2043 mox-omnes
771 1998 986 2048 traduffl.
1023 1999 1283 2050 Castellum
1310 2005 1423 2054 inde
1442 2043 1454 2064 ‚
1476 2007 1610 2072 quod

316 2073 461 2122 caput
496 2057 599 2124 ejus
646 2064 857 2128 regionis
905 2082 1038 2127 erat,
1078 2070 1356 2136 viculosque
1402 2075 1612 2123 circum-

318 2169 369 2208 de
384 2167 433 2209 fic
455 2179 583 2210 totum
604 2171 737 2213 locum
759 2179 932 2231 exponi-

316 2243 430 2271 mus:
449 2245 521 2283 per
550 2232 706 2276 infestas
727 2239 933 2280 molestas-

315 2304 397 2344 que
421 2306 541 2345 rupes
559 2320 569 2339 ,
592 2295 810 2339 decurrunt
827 2301 932 2342 haud

994 2176 1060 2218 hic
1078 2179 1132 2219 est
1149 2182 1356 2224 tumultus.
1372 2183 1609 2240 Intelligen-

995 2239 1084 2279 dum
1103 2241 1155 2281 est
1181 2254 1311 2282 autem
1328 2244 1433 2285 hunc
1456 2250 1610 2287 tumul·

994 2309 1078 2340 tum
1099 2303 1280 2343 accidisse
1304 2306 1472 2347 maxime
1499 2308 1606 2350 circa

315 2365 425 2406 aegre
443 2380 455 2400 ,
482 2362 626 2407 utpote
640 2355 774 2398 affueti
797 2393 808 2412 ,
827 2362 931 2402 invia

315 2412 466 2466 pariter
489 2428 534 2453 ac
562 2415 675 2455 devia
693 2445 704 2464 ‚
726 2418 762 2458 id
781 2423 835 2462 est
851 2451 862 2470 ,
889 2424 930 2464 ὃ(

317 2486 365 2513 ea
383 2474 421 2513 in
440 2474 582 2528 quibus
602 2478 708 2517 nulla
729 2479 790 2521 via
813 2494 899 2524 erat
916 2513 927 2532 ,

322 2534 365 2575 δι
399 2548 445 2574 ea
481 2549 568 2587 quae
600 2540 622 2578 a
660 2539 723 2578 via
748 2545 840 2585 trita
872 2546 929 2586 di·

316 2598 548 2638 vertebant.

366 2669 393 2698 2
408 2656 462 2698 M
462 2657 543 2698 ulto
541 2655 636 2714 sque
649 2660 780 2716 turba]
799 2661 928 2705 Turba

992 2361 1291 2414 impedimenta.
1315 2366 1451 2420 Itaque
1469 2368 1524 2414 hi,
1538 2369 1606 2423 qui

994 2421 1178 2463 dicuntur
1211 2425 1263 2472 in,
1282 2426 1509 2468 immensum
1551 2431 1608 2471 al-

993 2483 1175 2525 titudinis
1198 2484 1362 2537 dejeffi‚
1381 2489 1605 2542 accipiendi

994 2543 1189 2584 suntlixae
1215 2561 1261 2586 ac
1290 2549 1467 2590 calones.
1506 2550 1604 2590 Pro-

991 2615 1129 2657 pterea
1145 2607 1252 2647 addit
1276 2608 1407 2651 Livius
1420 2608 1601 2666 quostiam

994 2664 1031 2706 δ’
1050 2681 1240 2714 armatos.
