1726 3073
433 124 791 185 L1ssan
874 124 1117 184 XXI.
1327 140 1398 203 29

113 235 331 272 mentum
357 221 455 287 ipse
476 238 536 270 ex
566 220 733 270 Africa
756 259 772 282 ,
811 223 1016 269 maxime
1046 221 1362 283 iaculatorum
1381 260 1395 283 ‚
1419 235 1608 284 U‚c,534.

113 292 294 338 levium
340 291 513 347 armis,
548 291 721 353 petiit3
780 302 831 335 ut
887 288 993 335 Afri
1035 292 1080 335 in
1117 289 1345 353 Hispania
1381 288 1606 350 ‚QG-215·

114 357 312 422 Hispani
342 359 388 404 in
414 355 612 414 Africa,
643 355 813 404 melior
847 354 1013 419 procul
1051 356 1108 401 ab
1142 356 1292 403 domo
1319 356 1395 404 fu-

114 438 243 471 turus
280 438 480 487 uterque
515 424 685 480 miles,
722 422 855 470 velut
906 424 1079 469 mutuis
1122 423 1398 488 pignoribus

40 490 66 507 ‘⁷
114 492 344 556 obligati,
384 490 615 554 stipendia
663 489 891 537 facerent.
943 486 1204 537 Tredecim
1253 490 1401 538 millia

115 557 416 633 offiingentos
467 557 807 622 quinquaginta
861 555 1048 620 pedites
1110 571 1128 601 1
1197 571 1404 604 cetratos

113 623 267 672 misit'
258 643 304 671 in
338 622 582 681 Africam,
616 624 666 671 δι
694 623 824 670 fundi
814 638 961 671 tores
1004 622 1223 670 Baleares
1253 622 1408 671 ociin«<

112 691 283 757 gentos
331 690 663 756 septuaginta:
708 693 892 754 equites
933 691 1106 737 mixtos
1153 705 1210 737 ex
1245 691 1404 739 multis

115 759 337 823 gentibus
390 757 520 806 mille
566 757 822 804 ducentos.
866 756 966 804 Has
1013 758 1175 821 copias
1230 760 1403 821 partim

117 823 393 896 Carthagini
428 822 645 888 praesidio
695 822 817 881 ess'e,
852 825 1024 888 partim
1080 823 1293 871 distribui
1307 842 1410 902 per

113 891 331 940 Africam
362 889 532 951 jubet.-
577 890 712 938 simul
752 889 1152 956 conquisitoribus
1185 892 1232 937 in
1278 893 1410 941 civi-

113 973 233 1007 tates
266 956 409 1005 miffis
430 993 445 1018 ‚
477 973 566 1022 qua
554 972 680 1006 tuor
715 959 859 1006 millia
911 957 1177 1023 conscripta
1212 957 1409 1007 deleAEiae

111 1023 408 1089 juventutis,
440 1024 704 1089 praesidium
731 1025 929 1074 eosdem
968 1027 1020 1075 &
1050 1024 1274 1086 obfides,
1298 1026 1409 1075 duci

114 1092 453 1155 Carthaginem
483 1090 635 1155 jubet.

181 1137 340 1207 XXH.
377 1158 552 1224 Neque
590 1159 865 1224 Hispaniam
899 1160 1239 1226 negligendam
1280 1174 1409 1209 ratus

117 1225 140 1293 (
166 1245 184 1275 1
214 1244 356 1292 atque
389 1226 500 1274 ideo
524 1227 648 1273 haud
672 1230 859 1285 minus,
881 1228 1015 1293 quod
1050 1228 1172 1276 haud
1217 1230 1410 1293 ignarus

114 1309 215 1342 erat
246 1330 259 1351 ‚
292 1295 586 1342 circumitam
613 1293 672 1341 ab
715 1293 949 1342 Romanis
984 1311 1089 1342 eam
1141 1295 1308 1360 legatis
1346 1295 1409 1344 ad

108 1359 432 1409 sollicitandos
465 1362 735 1427 principum
757 1365 942 1410 animos
967 1361 989 1428 )
1018 1361 1273 1410 Asdrubaii
1305 1361 1411 1410 fra-

113 1430 208 1489 tri,
241 1429 348 1477 viro
384 1430 624 1495 impigro,
663 1445 771 1477 eam
824 1430 1129 1513 provinciam
1174 1428 1412 1490 destinat,

115 1495 370 1563 firmatque
406 1512 515 1544 eum
558 1495 734 1546 Africis
770 1497 977 1545 maxime
1021 1495 1269 1561 praesidiis,
1315 1514 1410 1562 pe-

117 1563 271 1613 ditum
319 1562 551 1612 Afrorum
596 1565 820 1612 undecim
869 1565 1078 1612 millibus
1118 1564 1410 1630 offingentis

115 1632 458 1697 quinquaginta
498 1669 512 1690 ‚
557 1630 808 1696 Liguribus
864 1632 1090 1680 trecentis
1121 1668 1135 1690 ‚
1190 1631 1412 1679 Bal-eari-

113 1699 203 1748 bus
218 1699 547 1776 quingentis.
575 1699 635 1746 ad
668 1699 766 1747 haec
802 1699 1019 1765 peditum
1053 1699 1223 1746 auxilia
1261 1700 1413 1748 additi

121 1767 306 1831 equites
334 1765 716 1830 Libyphoenices
751 1766 988 1831 (mixtum
1019 1765 1249 1815 Punicum
1276 1766 1411 1815 Afris

115 1832 304 1898 genus)
330 1834 661 1899 quadringenti
678 1834 1055 1900 quinquaginta,
1076 1834 1126 1882 ὃ(
1149 1833 1407 1894 Numidae,

110 1900 367 1966 Maurique
401 1901 573 1949 accolae
598 1899 788 1949 Oceani
816 1902 875 1949 ad
906 1901 1035 1949 mille
1064 1900 1370 1967 octingentos
1391 1939 1411 1961 ,

111 1968 162 2018 &
191 1985 339 2033 parva
356 1966 615 2034 Ilergetum
642 1984 807 2017 manus
835 1985 894 2017 ex
913 1968 1175 2034 Hispania
1207 1970 1408 2018 ducenti

111 2037 348 2102 equites·
336 2071 350 2094 ‚
380 2035 434 2082 ὃ(
465 2072 479 2094 ,
522 2051 584 2083 ne
614 2035 728 2101 quid
761 2035 988 2085 terrestris
1025 2035 1202 2084 deeffet
1240 2038 1412 2086 auxilii

112 2119 298 2170 genus,
331 2101 1000 2168 elephantiquatuordecim:
1027 2101 1174 2152 classis
1216 2118 1416 2169 praeter-

108 2187 165 2220 ea
189 2171 297 2218 data
318 2168 385 2217 est
410 2169 471 2216 ad
513 2170 740 2218 tuendam
762 2172 1044 2219 maritimam
1067 2189 1200 2218 oram
1225 2170 1246 2236 (
1269 2173 1411 2237 quia,

107 2256 201 2304 qua
241 2249 376 2302 parte
409 2236 524 2284 belli
563 2238 816 2298 vicerant,
845 2238 902 2286 ea
940 2254 1041 2286 tum
1072 2255 1272 2304 quoque
1301 2255 1408 2287 rem

109 2303 320 2373 gesturos
340 2302 592 2352 Romanos
629 2306 758 2354 credi
781 2320 970 2371 poterat
998 2308 1020 2365 )
1057 2307 1408 2383 quinquaginta

108 2374 477 2440 quinqueremes
496 2408 513 2429 ‚
530 2372 858 2437 quadriremes
879 2374 1014 2434 duae,
1034 2376 1250 2421 triremes
1268 2375 1409 2439 quin-

180 2490 196 2519 1
217 2475 414 2527 Cetratos]
435 2476 500 2514 De
519 2485 628 2517 cetra
645 2475 726 2516 vid.
792 2476 981 2518 Delenda
1021 2477 1074 2517 est
1104 2479 1247 2518 vocula
1268 2479 1410 2526 haud,

113 2555 155 2583 n.
191 2553 233 2579 2.
261 2539 309 2576 ad
327 2539 354 2576 l,
382 2535 583 2577 XXVIII.
612 2551 648 2576 c.
686 2549 726 2587 5.
792 2553 878 2593 quae
896 2538 1046 2581 sensum
1062 2539 1301 2593 corrumpit.

178 2611 197 2643 1
212 2600 343 2655 Atque
358 2597 446 2639 ideo
464 2597 566 2639 haud
579 2598 723 2656 minas]
1089 2656 1125 2707 B

1158 2674 1208 2722 ιι]
