1684 3088
335 155 447 219 3¹²
631 136 764 199 ,Τι
820 153 934 199 rt

1668 207 1670 230 Ι

115 237 419 295 U.c.538·bus
467 251 822 298 tormentorum
869 236 1053 298 essent,
1095 237 1124 288 8
1161 238 1209 287 in
1242 254 1323 287 eas
1366 234 1671 295 tollenone?

120 305 310 351 &GP-14·
333 303 472 370 super
499 307 966 355 murum‘eminente
997 303 1150 354 ferrea
1169 322 1338 354 manus
1370 303 1518 352 firmae
1544 318 1623 349 ca-
1668 321 1671 331 ·

333 386 458 422 tenae
478 374 659 439 illigata
699 390 846 440 quum
881 371 1054 437 injecta
1089 390 1245 438 prorae
1292 371 1407 422 ess'et
1430 408 1446 432 ‚

330 440 623 490 libramento
661 441 847 507 plumbi
886 441 1148 490 recellente
1190 439 1250 488 ad
1287 439 1477 496 solum,
1519 435 1671 485 sus-³

330 509 484 573 pensa
520 508 662 575 prora
683 545 698 568 ‚
723 509 887 557 navim
905 509 952 557 in
979 509 1181 574 puppim
1201 507 1456 556 statuebat:
1477 504 1628 565 dein,'
1670 527 1671 566 y

328 574 512 625 remiss'a
534 576 688 624 subito
712 612 727 634 ‚
761 577 896 626 velut
922 592 981 629 ex
1013 593 1152 624 muro
1179 575 1439 624 cadentem
1460 573 1625 620 navim
1670 579 1672 638 g

329 660 441 692 cum
484 645 667 710 ingenti
716 644 1040 708 trepidatione
1076 658 1327 692 nautarum
1373 644 1440 690 ita
1483 639 1635 688 undae'
1670 645 1672 706 ᾗ

333 709 608 777 affligebat,
638 725 716 767 ut,
750 709 932 760 etiamfi
959 710 1086 760 reeta
1119 711 1386 770 reciderat,
1413 709 1628 773 aliquan-

333 793 438 828 tum
484 796 620 844 aquae
660 781 917 843 acciperet.
948 777 1020 826 Ita
1050 780 1287 827 maritima
1323 776 1639 844 oppugnatio

337 845 405 895 est
429 845 555 895 elusa
576 882 592 905 ‚
632 847 881 913 omnisque
930 848 1002 894 vis
1032 845 1098 895 est
1127 846 1187 895 eo
1218 846 1352 895 versa
1371 883 1386 906 ‚
1430 860 1481 893 ut
1512 843 1627 892 totis

334 913 516 964 viribus
565 914 691 962 terra
750 913 1144 980 aggrederentur.
1187 911 1285 962 Sed
1326 931 1381 962 ea
1430 925 1628 979 quoque

336 998 446 1047 pars
490 981 672 1030 eodem
717 982 852 1030 omni
891 997 1120 1046 apparatu
1161 996 1513 1030 tormentorum
1551 980 1638 1025 in·-

338 1047 508 1098 struc‘ca
559 1064 697 1108 erat,
748 1048 977 1097 Hieronis
1023 1047 1248 1114 impensis
1298 1048 1506 1113 curaque
1542 1061 1630 1111 per

337 1117 519 1166 multos
560 1133 713 1165 annos
734 1153 747 1176 ,
776 1116 1086 1164 Archimedis
1129 1116 1269 1164 unic&
1305 1130 1437 1165 arte:
1465 1129 1630 1162 natura
1654 1143 1673 1153 »

340 1185 487 1236 etiam
533 1181 730 1246 juvabat
771 1185 868 1233 Ioci
899 1220 915 1244 ,
952 1183 1085 1250 quod
1122 1182 1285 1232 saxum
1309 1220 1323 1243 ‚
1360 1183 1435 1232 cui
1473 1184 1630 1247 impo·
1671 1191 1674 1242 ξ

341 1251 425 1300 fita
463 1253 585 1299 muri
621 1251 933 1301 fundamenta
966 1252 1097 1312 sunt,
1120 1268 1293 1318 magna
1323 1268 1381 1301 ex
1412 1264 1544 1317 parte
1565 1251 1632 1297 ita
1653 1246 1674 1292 ιῗ

340 1319 559 1386 proclive
591 1319 657 1368 est
678 1357 694 1381 ,
715 1335 766 1368 ut
788 1338 887 1369 non
921 1318 1073 1368 solum
1096 1317 1225 1368 miffa
1247 1332 1496 1368 tormento
1516 1354 1533 1376 ,
1553 1315 1636 1366 sed
1655 1334 1657 1339 ’

344 1389 493 1437 etiam
523 1405 630 1453 quae
655 1387 875 1452 pondere
896 1424 910 1447 ,
932 1387 1015 1437 suo
1039 1388 1307 1453 'provoluta
1328 1385 1477 1435 essent
1493 1422 1508 1444 ‚
1527 1402 1636 1451 gra·
1658 1403 1673 1418 =

339 1456 461 1508 viter
478 1456 526 1503 in
554 1454 740 1505 hostem
763 1456 1064 1505 inciderent:
1088 1455 1261 1505 eadem
1291 1454 1426 1520 causa
1449 1453 1510 1502 ad
1532 1452 1642 1504 sub-.

342 1574 430 1614 quae
450 1558 492 1600 in
520 1558 783 1615 longinquum
804 1559 961 1615 jacula-

343 1622 489 1662 bantur
509 1649 521 1670 ,
539 1622 652 1662 feriri
673 1621 827 1676 possent
848 1638 860 1671 3
879 1633 959 1664 tam

347 1683 610 1738 propinquae,
649 1694 693 1723 ut
722 1685 804 1725 tela
823 1684 844 1725 ὲ
874 1696 961 1724 tor-

346 1745 494 1784 mentis
517 1744 646 1785 emissa
667 1747 769 1785 ultra
797 1759 863 1786 eas
880 1746 963 1786 fet·-

345 1817 504 1846 rentur.
545 1806 609 1845 Sic
643 1807 672 1845 1.
710 1806 808 1849 VII.
849 1807 963 1861 supra

348 1881 386 1907 c.
416 1878 485 1907 ιο.
515 1867 570 1906 Τ.
610 1867 785 1908 Manlius
818 1868 964 1909 dicitur

348 1927 518 1968 interior
526 1928 705 1983 periculo
718 1928 964 1984 vulnerisfa-

350 1990 446 2031 ἅυε.

414 2050 438 2091 8
463 2049 507 2092 In
524 2064 588 2090 eas
609 2050 838 2104 tollenone]
865 2050 965 2091 Tol-

352 2111 446 2152 leno
492 2111 545 2151 est
573 2113 764 2153 machinae
802 2126 962 2167 genus,

353 2184 474 2227 'quum
501 2174 602 2213 trabi
628 2173 667 2213 in
685 2185 831 2214 terram
864 2189 969 2229 prae-

353 2233 435 2275 alte
468 2233 608 2274 defixae
633 2235 670 2273 in
693 2236 841 2275 summo
873 2250 966 2275 vet·-

353 2296 440 2336 tice
473 2296 548 2335 alia
571 2295 774 2335 tranversa
806 2297 969 2351 longior

355 2356 534 2398 dimensa
552 2357 767 2397 medietate
789 2371 965 2398 connec-

355 2418 455 2458 titur
482 2432 533 2459 eo
550 2418 787 2459 libramento
807 2446 817 2465 ,
838 2430 908 2465 ut,
940 2418 967 2458 fi

354 2492 476 2520 unum
499 2489 618 2532 caput
635 2479 868 2534 depresseris
888 2508 898 2527 ,
918 2482 954 2520 al

355 2549 487 2580 terum
521 2541 727 2594 erigatur,
772 2541 889 2595 idque
924 2542 973 2581 ad

356 2615 484 2641 onera
515 2603 710 2643 tollenda.
733 2602 860 2657 Igitur
892 2618 974 2642 ma-

359 2662 477 2706 china
507 2661 625 2720 hujus
656 2664 818 2722 generis
858 2664 975 2722 supet·

1014 1931 1266 1981 tlibi-amento
1303 1926 1482 1980 plumbi,
1531 1923 1649 1978 quod

1007 141 1334 201 L1v11

1487 370 1622 437 gravi
1636 406 1639 407 ν

1024 1575 1178 1602 murum
1220 1558 1424 1600 eminente
1443 1585 1455 1605 ,
1502 1556 1662 1598 ferrea<

1025 1637 1162 1663 manus
1196 1620 1315 1661 firmae
1337 1632 1488 1660 catenae
1507 1618 1650 1672 iliiga-

1026 1695 1082 1731 ta,
1104 1698 1192 1738 quae
1213 1682 1370 1737 quidem
1386 1694 1528 1720 catena
1543 1693 1639 1733 pen·
1670 1708 1673 1733 ζ

1027 1746 1146 1787 debat
1160 1759 1210 1785 ex
1231 1758 1312 1785 uno
1332 1743 1495 1782 brachio
1515 1742 1638 1781 tolle·
1659 1763 1663 1770 ·

1026 1807 1142 1847 nonis
1165 1832 1176 1852 ,
1220 1804 1477 1859 injiciebatur
1508 1815 1640 1857 protea
1659 1818 1673 1840 .

1028 1867 1196 1922 alicujus
1229 1866 1356 1906 navis.
1386 1865 1491 1904 Tum
1530 1845 1673 1918 gravi-

1027 1991 1145 2031 alteri
1197 1987 1416 2030 tollenonis
1476 1941 1673 2027 bracliio›[

1029 2065 1254 2092 connexum
1273 2060 1359 2090 erat
1372 2077 1383 2096 ‚
1401 2050 1651 2097 recellente„

1029 2113 1097 2154 seu
1116 2112 1321 2153 recidente
1335 2111 1381 2150 ad
1401 2110 1523 2150 solum
1541 2137 1552 2157 ,
1571 2102 1672 2158 neci

1030 2174 1133 2215 ceffe
1155 2185 1243 2214 erat
1275 2184 1480 2221 catenam,
1505 2171 1543 2210 ὅ(
1564 2171 1641 2210 fer·
1669 2168 1671 2211 ἐ

1030 2250 1137 2277 ream
1167 2248 1322 2274 manum
1355 2261 1365 2280 ,
1404 2234 1444 2274 ὃ(
1482 2223 1671 2284 proram]

1029 2297 1140 2338 navis
1160 2295 1304 2336 sursum
1323 2293 1449 2348 erigi,
1476 2294 1511 2333 ὅ(
1537 2325 1547 2343 ,
1569 2290 1647 2332 sus-²
1668 2285 1671 2306 ²

1030 2362 1154 2412 pensa
1171 2356 1306 2410 prora.
1327 2357 1454 2394 navim
1475 2356 1514 2394 in
1539 2368 1651 2407 pupe-

1034 2420 1111 2472 pim
1125 2417 1253 2458 statui.
1274 2417 1382 2457 Dein
1404 2417 1542 2456 eadem
1562 2415 1670 2455 fer-

1035 2495 1102 2521 rea
1124 2494 1259 2519 manus
1277 2476 1427 2519 remiffa
1448 2506 1457 2524 ‚
1482 2479 1519 2518 ὅ(
1545 2475 1645 2516 subi·
1668 2471 1671 2495 ³³

1036 2541 1079 2582 to
1099 2553 1280 2595 exempta
1301 2539 1492 2579 machiuae
1512 2566 1523 2584 ‚
1544 2537 1644 2577 sine-
1668 2554 1671 2599 s

1036 2606 1101 2643 bat
1116 2617 1255 2642 navem
1269 2601 1450 2641 recidere
1467 2627 1477 2647 ,
1502 2600 1543 2640 δι
1560 2610 1645 2638 eam
1668 2601 1670 2634 ὲ

1036 2665 1090 2710 ita
1106 2663 1292 2723 affigebat
1311 2661 1426 2707 undis
1444 2689 1456 2706 ,
1479 2672 1522 2700 ut
1543 2688 1552 2698 .
1574 2689 1584 2699 .
1600 2683 1615 2699 .
1668 2682 1670 2715 3

1436 2725 1669 2788 eundum*
