1684 3088
381 157 496 217 354
686 142 1360 209 T1T1L1v11
1681 210 1684 246 Ι

160 233 348 300 U-c-540-
371 253 542 286 manos
576 236 742 304 paffim
776 242 905 291 caede
933 241 1099 293 stratos
1134 263 1384 297 cernentes
1411 286 1426 308 ,
1458 249 1517 298 ab
1551 249 1643 303 An·
1679 266 1684 313 1

159 291 532 356 ³·(1·212,nibale
575 322 763 372 captam
798 311 966 359 urbem
1002 311 1256 364 senserunt.
1295 315 1549 383 Postquam
1577 320 1643 383 lux
1679 345 1684 380 ι

164 347 350 413 .R⁰'⁷²‘²'²¹
372 375 550 422 certior
586 390 688 425 erat
713 413 726 436 ‚
768 377 819 426 &
853 376 1101 442 Romani,
1142 385 1220 449 qui
1254 385 1462 433 caedibus
1495 386 1642 452 super·
1677 416 1684 447 1

157 422 351 509 22:2me
371 438 558 490 fuerant
579 479 594 503 ,
623 444 670 491 in
704 460 860 494 arcem
895 447 1245 515 confugerant,
1280 453 1642 506 conticescebat·
1677 483 1684 516 ς

154 529 282 587 giam·
371 525 465 575 que
497 511 726 575 paulatim
757 515 1021 575 tumultus,
1058 532 1161 566 tum
1191 518 1403 568 Annibal
1430 519 1642 571 Tarenti·
1677 550 1683 584 ς

369 594 458 626 nos
486 578 583 627 fine
608 581 748 628 armis
773 586 1035 632 convocari
1060 583 1211 648 jubet.
1236 585 1533 638 Convenere
1559 607 1649 639 om⁴
1677 607 1684 652 2}

366 661 452 694 nes
475 682 491 706 ‚
522 661 839 713 praeterquam
876 653 990 716 qui,
1023 653 1252 704 cedentes
1284 656 1333 703 in
1362 673 1520 706 arcem
1553 656 1642 707 Ro·
1676 687 1684 719 t

365 729 536 762 manos
563 750 577 772 ‚
619 715 680 761 ad
713 734 911 766 omnem
945 720 1217 769 adeundam
1250 721 1383 772 fimul
1414 724 1647 774 fortunarr

364 780 607 845 prosecuti
637 780 842 834 fuerant.
871 784 946 833 Ibi
970 785 1213 850 Annibal,
1242 791 1450 858 benigne
1479 793 1641 842 allocu-

362 862 437 895 tus
486 847 779 900 Tarentinos
809 890 824 912 ,
860 852 1146 922 testatusque
1170 894 1185 916 ‚
1232 875 1336 923 quae
1382 859 1645 925 praestitisse
1674 889 1684 923 n

345 915 548 964 civibus
587 934 758 968 eorum
785 957 799 978 ‚
843 938 966 987 quos
1005 924 1067 971 ad
1103 923 1438 976 Trafimenum
1475 943 1556 976 aut
1595 930 1644 978 acl
1674 943 1684 990 t]

363 981 559 1032 Cannas
603 985 798 1050 cepiffet
827 1024 842 1047 ,
884 988 1018 1037 simul
1057 993 1104 1038 in
1146 992 1532 1043 dominationem
1574 995 1640 1045 su·
1674 1011 1684 1059 ι’

361 1052 564 1117 perham
600 1052 936 1104 Romanorum
972 1058 1189 1108 invec'tus
1211 1097 1227 1119 ,
1273 1063 1488 1128 recipere
1525 1062 1571 1111 se
1604 1065 1639 1113 ir
1674 1097 1684 1128 n

363 1119 540 1167 domos
574 1118 674 1169 suas
704 1139 948 1189 quemque
979 1123 1103 1186 iussit
1123 1164 1139 1184 ,
1176 1127 1229 1175 &
1262 1127 1445 1178 foribus
1471 1147 1639 1180 nomer

362 1185 497 1235 suum
526 1187 780 1239 inscribere
807 1207 818 1238 ε
853 1190 898 1240 se
933 1192 1107 1243 domos
1138 1211 1216 1243 eas
1238 1233 1253 1255 ‚
1287 1214 1393 1263 quae
1422 1198 1639 1264 inscripta

361 1271 464 1303 non
494 1253 644 1305 effent
664 1292 680 1317 ‚
711 1257 847 1324 figno
879 1262 1131 1327 externplo
1163 1262 1278 1311 dato
1302 1302 1316 1324 ,
1347 1265 1487 1332 diripi
1516 1263 1640 1330 juffu·

359 1338 483 1370 rum.
519 1321 569 1372 Si
602 1327 705 1390 quis
738 1327 787 1374 in
816 1326 1026 1393 hospitio
1059 1330 1178 1379 civis
1213 1330 1424 1383 Romani
1456 1333 1478 1401 (
1508 1351 1536 1383 2
1566 1352 1638 1384 va·
1672 1367 1684 1418 ff

361 1407 472 1438 cuas
509 1408 669 1442 autem
711 1395 944 1445 tenebant
983 1397 1160 1447 domos
1199 1397 1221 1464 )
1264 1417 1445 1450 nomen
1484 1401 1638 1452 inscri-
1672 1423 1684 1470 εξ

358 1455 516 1525 pfisfet
541 1497 555 1519 ‚
591 1476 704 1509 eum
739 1460 785 1511 se
820 1480 908 1528 pro
944 1463 1079 1513 hoste
1116 1465 1405 1518 habiturum.
1436 1467 1639 1528 Concin-

358 1542 423 1574 ne
460 1526 652 1576 dimissa
677 1566 695 1587 ,
739 1547 885 1596 quum
927 1532 1073 1581 titulis
1110 1549 1289 1584 notatae
1328 1535 1458 1587 fores
1497 1537 1639 1587 discri-

357 1610 474 1643 men
512 1611 693 1662 pacatae
734 1598 794 1646 ab
832 1597 990 1648 hostili
1026 1601 1182 1652 domo
1223 1603 1477 1666 fecissent,
1516 1605 1638 1672 figm-

359 1661 475 1711 dato
501 1700 515 1723 ,
559 1665 621 1712 ad
665 1664 933 1733 diripienda
969 1669 1175 1735 hospitia
1222 1671 1446 1722 Romana
1486 1673 1640 1740 paffitr

357 1729 615 1779 discursum
646 1732 753 1793 est;
793 1736 846 1782 &
883 1733 972 1784 fuit
1003 1738 1176 1803 praedae
1206 1739 1520 1806 aliquantum.
1619 1747 1622 1749 ’

429 1796 519 1847 ΧΙ.
543 1798 741 1849 Postero
772 1801 848 1852 die
876 1804 934 1852 ad
967 1808 1342 1873 oppugnandam
1377 1826 1537 1858 arcem
1565 1809 1639 1860 dm
1675 1829 1679 1839 ·

358 1865 461 1924 cit;
493 1883 636 1932 quam
667 1886 813 1935 quum
849 1871 901 1919 ὃ(
934 1889 960 1919 a
991 1876 1108 1921 mari
1135 1911 1148 1933 ‚
1187 1893 1284 1941 quo
1314 1877 1360 1924 in
1393 1877 1638 1943 peninsula
1682 1915 1684 1921 .

360 1933 567 1982 modum
606 1954 712 2001 pars
745 1936 899 1998 maior
934 1940 1291 2004 circumluitur,
1332 1945 1532 2009 praealtis
1566 1963 1635 1994 ru·
1676 1982 1684 2014 e

361 2001 503 2065 pibus
527 2039 541 2062 ‚
577 2003 628 2052 ὃ(
668 2004 726 2052 ab
756 2005 856 2072 ipsa
886 2007 1004 2057 urbe
1043 2026 1183 2060 muro
1223 2010 1272 2059 &
1307 2011 1436 2061 foss&
1469 2015 1634 2080 ingent
1679 2050 1684 2082 t

361 2067 548 2133 septam
586 2071 811 2132 videret,
847 2074 1003 2141 eoque
1043 2094 1135 2127 nec
1178 2080 1263 2138 vi,
1300 2098 1389 2129 nec
1428 2081 1639 2146 operibui

364 2140 742 2204 expugnabilem
768 2140 861 2191 effe
883 2160 898 2203 3
927 2161 986 2192 ne
1015 2160 1094 2192 aut
1120 2144 1321 2211 seipsum
1341 2186 1355 2209 ‚
1379 2149 1491 2197 curii
1517 2163 1640 2198 tuen·
1677 2169 1684 2205 ¹,

365 2204 415 2253 di
445 2204 740 2257 Tarentinos
769 2247 783 2270 ,
822 2227 847 2257 a
876 2210 1138 2276 majoribus
1173 2214 1315 2263 rebus
1347 2211 1617 2266 moraretur

367 2285 451 2321 aut
482 2273 529 2321 in
562 2274 750 2325 relictos
785 2275 884 2327 fine
914 2279 1080 2331 valido
1113 2281 1329 2346 praefidio
1362 2282 1638 2333 Tarentino:

365 2340 606 2404 impetum
637 2359 697 2391 ex
728 2361 837 2394 arce
864 2381 878 2405 ,
913 2363 1060 2413 quum
1086 2349 1270 2399 vellent
1291 2388 1305 2410 ‚
1341 2351 1553 2401 Romani
1584 2351 1640 2401 fa=

367 2423 533 2458 cerent
556 2445 570 2468 ‚
612 2410 743 2460 vallo
780 2413 951 2462 urbem
990 2416 1049 2465 ab
1087 2434 1195 2467 arce
1244 2419 1519 2486 intersepire
1562 2419 1678 2468 ssav·

366 2477 496 2535 tuit,
528 2494 628 2526 non
670 2477 768 2528 fine
799 2480 877 2529 illa
916 2483 1059 2532 etiam
1097 2484 1212 2551 spe,
1244 2505 1352 2536 cum
1395 2488 1639 2554 prohiberi.
1683 2543 1684 2548 ,

430 2560 628 2603 2Vacuas
646 2576 773 2605 autern
799 2567 985 2610 tenebant
1044 2570 1272 2613 habitarent
1306 2602 1317 2622 ,
1352 2587 1431 2614 non
1481 2573 1639 2627 pei-mist
1683 2619 1684 2625 χ

366 2622 537 2676 domos]
561 2623 718 2665 Vacuus
754 2629 887 2669 domos
906 2658 917 2677 ,
944 2631 984 2671 id
1045 2646 1135 2674 cum
1164 2634 1398 2677 Tarentinis
1424 2636 1594 2681 civibus.
1616 2654 1621 2661 ·
1671 2648 1675 2658 ’

366 2681 422 2725 est
435 2710 446 2732 ‚
467 2685 650 2741 proprias
663 2717 676 2740 ,
695 2687 734 2728 in
748 2690 897 2746 quibus
912 2691 986 2735 soli
