1752 3073
338 147 694 204 LrnER
774 143 1027 203 XXI.

1172 155 1306 198 '21

30 252 62 296 ἃ
89 254 170 297 ‘aut
200 241 460 310 Saguntum
494 241 730 308 principio
776 240 923 299 anni,
961 256 1058 304 quo
1096 236 1148 286 P.
1179 236 1316 288 Cor·-
1337 250 1529 301 U‚c‚534.

27 313 184 364 -nelius
203 349 219 373 ‚
245 311 324 361 Ti.
362 310 674 376 Sempronius
710 306 934 356 consules
971 305 1161 354 fuerunt
1180 345 1191 365 ,
1218 322 1319 355 non
1340 304 1530 350 ὅπα-18.

33 393 245 444 coeptum
277 379 546 445 oppugnari
578 375 644 424 est
667 413 681 434 ‚
713 374 792 424 sed
828 387 1038 439 captum.
1074 372 1200 420 Nam
1236 389 1322 420 ex-

37 445 210 499 eeffiffe
251 463 410 513 pugna
444 445 504 493 ad
533 442 764 492 Trebiam
791 441 844 488 in
878 457 1057 489 annum
1084 438 1182 488 Cn.
1219 438 1326 488 Ser-

36 514 134 565 vilii
155 514 208 562 &
240 512 304 562 C.
335 512 553 562 Flaminii
577 527 675 559 non
698 507 889 576 potest3
928 509 1036 572 quia
1066 506 1327 554 Flaminius

36 580 240 630 Arimini
268 579 568 628 consula-turn
587 579 693 626 inii-t
713 615 727 637 ,
754 592 942 624 creatus
975 574 1034 622 ab
1064 573 1144 621 Ti.
1186 572 1328 622 Sem-

38 650 210 716 pronio
235 647 428 697 consule
454 683 468 706 ,
491 647 571 712 qui
603 642 707 711 post
737 659 947 709 pugnam
982 641 1042 689 ad
1065 640 1326 703 Trebiam,

37 715 99 767 ad
129 716 362 764 creandos
396 713 619 762 *consules
660 710 869 760 Romam
909 726 1056 775 quum
1093 706 1329 769 venisset,

39 784 246 836 comitiis
280 780 502 849 perfectis
526 780 592 829 ad
625 780 889 828 exercitum
921 779 972 825 in
1014 776 1214 825 hiberna
1257 792 1331 826 re-

40 850 146 905 diit.
327 870 342 876 -

46 952 57 957 -
109 915 281 967 XVI.
317 914 421 965 ‘Sub
453 913 590 964 idem
624 911 733 963 fere
766 926 957 979 tempus
981 948 997 973 ‚
1036 910 1213 978 legati,
1247 911 1327 978 qui

42 985 282 1035 rediet-ant
315 1002 338 1032 a
372 981 662 1049 Carthagine
691 1018 711 1042 .,
764 979 976 1030 Romam
1030 980 1326 1040 retulerunt,
1351 990 1526 1044 Sagunto

38 1053 205 1102 omnia
239 1050 443 1111 hostilia?
464 1048 585 1109 effe,
620 1050 672 1098 &
707 1047 903 1116 Sagunti
941 1047 1175 1096 excidium
1207 1065 1325 1096 nun·
1349 1052 1470 1106 trepi-

43 1121 212 1169 *iatum
260 1118 362 1178 est3
401 1117 651 1183 tantusque
706 1114 843 1165 fimul
891 1132 1073 1163 moeror
1116 1114 1278 1164 Patres

1416 925 1544 982 Cape&

1317 1153 1331 1175 ‚
1351 1115 1446 1152 dant
1462 1111 1545 1152 Ro·

46 1187 458 1251 misericordiaque
504 1185 742 1234 sociorum
784 1183 1156 1250 peremptorum
1210 1183 1332 1231 indi·
1355 1174 1479 1214 numi.

49 1255 174 1322 gne,
210 1255 261 1302 ὅ(
290 1254 453 1318 Γρυεκκ·
486 1271 585 1302 non
620 1253 704 1300 la-ti
731 1251 923 1309 auxilii,
958 1250 1098 1298 &ira
1136 1252 1183 1297 in
1213 1250 1336 1300 Car-

48 1321 394 1389 thaginienses,
432 1318 684 1386 metusque
722 1319 780 1367 de
827 1317 1007 1365 summa
1054 1334 1211 1366 rerum
1251 1335 1341 1366 ce,-

48 1391 122 1457 fait
141 1426 155 1450 ‚
178 1390 310 1438 velut
331 1387 364 1436 fi
395 1386 491 1452 jam
515 1388 576 1436 ad
606 1400 775 1452 portas
808 1383 950 1434 hossis
975 1382 1090 1435 effet
1107 1422 1124 1445 ‚
1150 1400 1203 1434 ut
1225 1423 1237 1444 ‚
1269 1400 1344 1434 ton:

51 1475 151 1507 uno
183 1471 405 1522 tempore
442 1455 654 1505 motibus
701 1455 843 1501 animi
879 1453 1053 1502 turbati
1091 1490 1106 1513 ‚
1152 1471 1171 1502 1
1194 1455 1349 1520 trepi-

52 1525 223 1573 darent
264 1525 414 1591 magis
443 1561 457 1584 ,
489 1522 632 1590 quam
668 1519 992 1570 consulerent.
1038 1522 1163 1569 Nam
1211 1539 1351 1586 neque

53 1594 213 1658 hostem
263 1595 477 1640 acriorem
513 1591 914 1654 bellicostoremque
946 1586 1099 1652 secum
1149 1588 1354 1658 congrefi-

50 1660 192 1726 sum,·
233 1677 314 1708 nec
353 1676 440 1708 rem
471 1660 728 1715 Romanam
770 1672 862 1711 tam
919 1656 1107 1720 defidem
1140 1673 1353 1722 umquam

123 1773 141 1802 ι
159 1761 241 1803 Aut
253 1762 464 1819 Saguntum
476 1760 674 1816 principio

58 1822 153 1864 imni
168 1854 180 1865 .
204 1852 217 1864 .
236 1851 247 1862 .
265 1823 448 1879 captum]
496 1823 675 1864 Omnino

56 1883 213 1926 necesse
226 1883 296 1937 est,
312 1895 356 1925 nt
367 1885 581 1940 Saguntum
592 1898 678 1927 non

59 1945 255 2000 principio
288 1945 404 1998 hujus
436 1945 528 1986 anni
558 1977 574 1997 ‚
607 1945 676 1986 sed

61 2006 265 2061 aliquanto
291 2018 383 2046 ante
406 2005 530 2047 finem
566 2006 679 2060 supe-

61 2065 179 2109 :ioris
226 2079 383 2120 captum
427 2067 563 2108 fuerit.
604 2067 678 2107 His

64 2130 169 2173 enim
204 2129 449 2182 temporibus
496 2128 678 2169 consules

62 2189 199 2236 Idibus
224 2190 384 2233 Martiis
416 2189 680 2245 magistratum

65 2250 230 2291 inibant.
251 2250 497 2295 Infraautem
524 2265 560 2292 e.
589 2263 639 2292 21
660 2280 681 2306 3

19 2319 30 2324 “
66 2310 306 2356 Annibalem
336 2313 518 2352 videmus
550 2312 680 2367 primo

68 2386 166 2414 vere
189 2372 414 2428 profeRum
435 2373 510 2413 effe
528 2387 578 2414 ex
595 2373 682 2414 His·

68 2434 184 2488 pania
214 2461 226 2483 ,
294 2434 500 2487 postquam
553 2445 683 2476 totum

71 2504 230 2549 tempus
260 2495 403 2536 hiemis
440 2495 684 2540 renovandis

73 2556 209 2609 quiete
238 2556 280 2597 ὃ(
296 2555 386 2596 otio
410 2556 574 2599 militum
596 2571 686 2597 cor-

13 2614 22 2626 '
73 2617 237 2670 poribus
287 2616 501 2670 animisque
555 2617 689 2659 datum

73 2676 185 2721 effet-
208 2678 327 2721 Unde
345 2678 548 2737 colligitur
566 2678 690 2722 Anni-

737 1761 864 1801 balem
890 1759 1035 1800 eodem
1064 1759 1149 1800 fere
1169 1770 1356 1814 tempore

739 1821 985 1876 Carthagine
1015 1821 1131 1861 Nov‘a
1159 1822 1319 1863 moviffe
1340 1852 1355 1872 ,

746 1897 826 1936 quo
855 1883 897 1922 hi
916 1881 1100 1931 censu'es
1121 1913 1131 1932 ,
1151 1881 1362 1925 Ρ.Εοτι]ε-

737 1945 813 1984 iius
832 1945 872 1986 ὃ(
887 1943 956 1984 Ti.
977 1943 1236 1997 Sempronius
1254 1972 1266 1993 ,
1280 1960 1361 1990 ma,-

742 2005 942 2062 gistratum
977 2004 1177 2053 inierunt;
1208 2007 1362 2062 Sagun·

740 2077 825 2108 tum
857 2077 990 2106 autem
1011 2076 1168 2120 captum
1194 2067 1270 2108 effe
1289 2068 1363 2109 sub

741 2127 859 2168 finem
876 2127 1017 2170 aestatis
1036 2127 1122 2180 ejus
1140 2129 1229 2168 anni
1253 2157 1263 2176 ,
1281 2143 1364 2183 quo

742 2189 807 2232 M.
840 2190 973 2229 Livius
1015 2189 1055 2230 &
1087 2189 1135 2229 L.
1177 2187 1365 2234 AEmilius

746 2250 928 2292 consules
958 2249 1086 2290 fuere.

808 2323 827 2352 Ι
849 2309 1238 2366 Trepidarentmagis
1253 2313 1365 2367 qudm

746 2370 992 2426 consulerent
1010 2371 1027 2425 J
1043 2372 1366 2415 Tumultuaren-

746 2445 811 2475 tur
830 2431 979 2488 potius,
1002 2433 1173 2473 omnium
1192 2434 1365 2484 incerti,

751 2496 791 2537 &
815 2495 857 2535 in
879 2494 1005 2535 varias
1033 2506 1166 2547 partes
1194 2496 1369 2537 animum

749 2557 954 2597 versantes
975 2583 985 2602 ,
1011 2558 1126 2609 quam
1162 2556 1286 2609 quieti
1302 2558 1371 2616 ses:

752 2618 913 2674 datique
948 2617 1237 2661 deliberarent.
