1711 3078
323 147 369 202 L
413 161 436 202 1
479 161 514 203 B
563 165 596 207 Ε
638 167 680 209 R
761 154 821 211 X
863 155 923 212 X
968 159 1009 215 Ι.
1255 179 1326 238 73
1491 227 1493 229 ,

40 246 179 302 parte
213 240 388 290 virium
411 281 425 304 ,
453 243 630 295 deinde
666 245 745 295 sex
775 249 920 297 millia
956 252 1172 315 peditum
1192 294 1206 315 ,
1246 252 1335 322 poss
1358 253 1550 325 U·‘³·53}”t⁸

42 302 219 356 stremo
241 325 413 359 omnes
443 314 604 376 copias
647 314 706 362 ad
725 314 1004 365 destinatum
1041 321 1197 370 locum
1237 322 1334 386 jam
1359 309 1551 352 astam.

46 373 156 419 ante
193 375 417 436 confilio,
448 380 613 428 avidus
649 384 920 431 certaminis
952 422 966 444 ,
996 387 1177 437 eduxit.
1225 390 1336 440 Erat

44 435 172 487 forte
212 443 392 492 brumae
428 458 619 511 tempus
671 450 721 497 &
757 450 922 497 nivalis
969 453 1071 502 dies
1115 457 1162 502 in
1216 458 1336 507 locis

44 504 252 569 Alpibus
295 510 658 580 Apenninoque
703 515 963 579 interjec‘iis
995 557 1009 578 ‚
1046 523 1337 590 propinqui·

41 583 139 619 tate
162 577 306 624 etiam
328 579 576 628 fluminum
596 600 650 630 ac
686 584 913 648 paludum
955 589 1250 654 praegelidis:
1273 594 1336 642 ad

42 637 138 686 hoc
187 646 356 708 raptim
403 647 581 695 eduffis
632 650 906 700 hominibus
949 668 1091 719 atque
1154 662 1336 724 equis,

39 722 141 755 non
180 725 323 775 capto
352 714 462 761 ante
501 717 610 764 cibo
631 755 645 776 ,
689 735 787 766 non
815 736 911 784 ope
947 722 1038 770 ulla
1070 720 1130 770 ad
1163 743 1335 775 arcen-

41 773 157 821 dum
189 774 335 843 frigus
369 780 613 841 adhibita,
649 784 763 833 nihil
804 788 975 835 caloris
1015 791 1207 853 inerat3
1247 795 1295 843 &
1317 812 1342 857 ‚·

40 841 273 906 quidquid
307 863 430 895 aurae
462 849 668 899 fluminis
716 857 1169 921 appropinquabant
1193 897 1208 919 ,
1254 862 1336 911 af-

42 907 189 956 flabat
233 916 386 961 acrior
423 913 611 982 frigoris
661 921 750 969 vis,
782 919 852 969 Ut
882 925 1000 972 verb
1039 925 1334 994 refugientes

39 972 274 1027 Numidas
344 981 649 1048 insequentes
725 1005 897 1054 aquam
965 992 1154 1058 ingreffi
1226 997 1333 1046 sunt

37 1039 122 1106 (&
151 1061 250 1095 erat
285 1047 556 1112 pefiorib‘us
602 1066 738 1102 tenus
775 1056 908 1106 aufta
952 1059 1187 1112 n0&urno
1230 1067 1333 1114 im-

37 1106 153 1176 hri)
194 1127 294 1162 tum
327 1117 493 1183 utique
529 1120 721 1186 egreffis
761 1125 917 1190 rigere
956 1129 1181 1178 omnibus
1223 1150 1332 1181 cor-

36 1193 157 1243 pora
189 1217 203 1239 ,
248 1195 298 1229 ut
332 1185 413 1232 vix
456 1203 701 1236 armorum
741 1193 1060 1244 tenendorum
1107 1203 1332 1275 potentia

38 1243 214 1297 essent:
235 1248 284 1296 &
306 1248 598 1319 fimuljejuni
613 1259 940 1322 ,procedente
955 1259 1053 1327 jam
1071 1263 1149 1314 die
1166 1304 1182 1327 ,
1198 1268 1336 1318 samev

38 1315 181 1360 etiam
216 1314 437 1368 deficere.

104 1379 212 1429 LV.
249 1382 500 1437 Annibalis
546 1390 735 1440 interim
771 1394 910 1443 miles
934 1434 947 1456 ‚
988 1397 1177 1462 ignibus
1215 1417 1326 1453 ante

34 1450 242 1497 tentoria
275 1451 404 1502 factis
426 1492 441 1515 ,
464 1456 676 1524 oleoque
695 1476 779 1524 per
797 1465 1066 1528 manipulos
1082 1504 1095 1526 ‚
1122 1483 1172 1516 ut
1194 1472 1327 1520 mol-

31 1513 175 1563 litent
211 1532 360 1579 artus,
396 1522 560 1584 misso,
604 1528 654 1575 ὃ(
686 1527 795 1576 cibo
824 1532 933 1596 ‘per
961 1534 1114 1582 otium
1140 1552 1281 1603 capto

34 1581 442 1652 ubitransgreffos
474 1592 654 1643 flumen
701 1595 855 1646 hostes
903 1602 1171 1651 nuntiatum
1224 1606 1325 1668 est,

32 1649 189 1700 alacer
221 1657 389 1704 animis
410 1662 785 1728 corporibusque
822 1684 950 1714 arma
981 1671 1134 1734 capit,
1177 1686 1325 1740 atque

33 1716 82 1764 in
121 1721 273 1769 aciem
315 1726 552 1788 procedit.
595 1728 815 1781 Baleares
851 1733 978 1782 locat
1009 1751 1119 1787 ante
1150 1738 1280 1806 figna
1306 1780 1324 1804 ,

30 1783 195 1834 levem
220 1805 529 1854 armaturam,
550 1796 661 1847 0610
680 1798 831 1849 ferme
863 1803 1009 1851 millia
1036 1805 1326 1872 hominum;

35 1850 147 1900 dein
179 1859 449 1920 graviorem
484 1866 623 1913 armis
658 1867 870 1931 peditem
897 1907 912 1930 ,
949 1874 1081 1936 quod
1110 1875 1280 1925 virium
1306 1916 1324 1938 ‚

34 1921 168 1984 quod
202 1925 390 1974 roboris
422 1944 556 1979 erat:
580 1934 625 1980 in
654 1937 879 1985 cornibus
913 1940 1218 1992 circumfudit
1240 1946 1326 1994 de-

33 2003 142 2036 cem
173 1992 319 2041 millia
348 1997 600 2060 equitum5
638 2002 688 2049 &
722 2002 780 2050 ab
812 2007 1035 2055 cornibus
1064 2010 1111 2057 in
1142 2025 1325 2061 utram-

31 2071 126 2119 que
152 2072 337 2119 partem
365 2063 540 2114 divisos
570 2068 856 2135 elephantos
897 2071 1068 2125 statuit.
1101 2076 1285 2129 Consul
1308 2120 1324 2143 ,

33 2121 204 2172 effusos
245 2128 493 2193 sequentes
531 2138 717 2200 equites
741 2175 755 2198 ,
786 2157 932 2204 quum
973 2142 1032 2190 ab
1070 2145 1326 2197 refistenti-

32 2188 120 2238 bus
153 2192 306 2243 subito
339 2195 560 2249 Numidis
592 2206 765 2254 incauti
794 2209 1154 2274 exciperentur,
1189 2215 1325 2281 signo

30 2263 248 2323 receptui
269 2262 380 2312 dato
404 2303 416 2323 ,
442 2284 700 2321 revocatos
738 2291 757 2321 1
798 2277 1113 2329 circumdedit
1147 2285 1328 2345 pediti-

31 2323 137 2373 bus·
170 2326 529 2399 Duodeviginti
549 2340 696 2388 millia
716 2340 926 2391 Romani
946 2360 1110 2408 erant,
1141 2348 1323 2402 socium

29 2394 327 2462 nominisque
381 2399 537 2451 Latini
596 2408 765 2473 viginti
802 2426 816 2468 ;
867 2413 1037 2460 auxilia
1091 2433 1327 2480 praeterea

31 2458 465 2518 Cenomanorum:
488 2488 545 2521 ea
567 2473 660 2523 sola
688 2478 734 2524 in
761 2475 856 2527 fide
879 2481 1112 2530 manserat
1135 2483 1326 2538 Gallica

29 2544 148 2594 gens
170 2566 184 2589 ‚
211 2531 280 2580 his
318 2537 468 2601 copiis
495 2543 776 2593 concursum
807 2544 889 2595 est.
920 2547 1145 2600 Proelium
1173 2572 1198 2601 a
1227 2555 1326 2603 Ba-

99 2628 114 2657 1
151 2620 408 2663 circumdedit
433 2626 664 2683 peditibus]
696 2631 866 2675 Locavit
902 2649 924 2676 a
959 2636 1098 2680 dextra
1140 2641 1321 2699 laevaque

32 2677 226 2734 peditum.

107 2740 150 2788 T
146 2757 274 2789 omns
307 2741 401 2796 III.
1024 2755 1080 2808 D

1312 1577 1330 1601 5
