1711 3078
280 172 634 227 Linea
716 170 1023 229 XXII.
1191 186 1297 248 115

18 279 122 314 mas
147 263 418 330 spirantium
460 265 691 314 miraculo
728 268 919 314 attoniti
953 263 1262 317 constiterunt
1291 265 1517 312 :U.c.53³·
1680 327 1683 329 Β

22 331 199 380 deinde
219 370 238 392 ,
268 348 318 381 ut
350 333 555 382 humana
589 334 808 399 apparuit
840 332 997 392 fraus,
1036 347 1138 380 tum
1184 333 1304 382 verb
1326 318 1526 368 2·C·²⁴7·
1643 333 1683 363 ’θ’

20 397 209 446 infidias
244 400 334 448 rati
366 399 494 460 esse,
533 401 647 449 dum
675 398 859 464 majore
899 416 1028 450 metu
1063 401 1309 449 concitant

0 464 68 522 >vse
100 467 144 514 in
180 464 340 532 fugam
359 504 375 528 ‚
405 467 500 517 levi
527 484 719 534 quoque
739 482 981 517 armaturae
1004 465 1208 515 hostium
1233 469 1312 514 in-

4 532 242 589 currere:
278 550 492 585 ceterum
522 552 643 594 nox,
664 551 854 601 aequato
889 536 1089 593 timore,
1112 548 1312 582 neutros

21 616 231 666 pugnam
265 603 545 668 incipientes
592 603 651 651 ad
685 603 842 652 lucem
882 604 1051 652 tenuit.
1086 600 1272 650 Interea
1300 638 1315 660 ³

22 682 131 716 toto
169 670 359 734 agmine
388 669 598 722 Annibal
628 669 897 719 transdqu
927 687 1011 736 per
1033 668 1200 717 saltum
1222 705 1237 728 ‚
1260 669 1314 716 &

22 735 301 800 quibusdam
339 738 387 784 in
420 737 522 803 ipso
558 735 673 785 saltu
711 736 916 787 hostium
966 734 1233 803 oppreffis,
1266 737 1319 784 in-

25 820 140 869 agro
167 802 382 864 Allifano
415 803 570 868 posuit
599 803 761 853 castra.

93 868 279 917 XVIII.
304 870 448 919 Hunc
481 872 740 921 tumultum
772 869 909 920 sensit
935 869 1108 919 Fabius
1137 887 1152 919 .·
1184 883 1318 920 cete-

26 953 131 984 rum
163 937 213 984 Sc
243 936 432 987 infidias
464 936 558 986 effe
597 953 724 989 ratus
744 980 756 1002 ,
787 939 837 986 ὃ(
875 936 934 986 ab
962 937 1197 986 noeturno
1230 939 1322 986 uti»

21 1020 114 1069 que
144 1003 408 1053 abhorrens
442 1008 733 1067 certamine,
771 1005 878 1055 suos
896 1006 1205 1054 munimentis
1237 1021 1318 1054 te-

22 1072 140 1136 nuit.
166 1071 294 1127 Luce
322 1073 473 1137 prima
494 1071 713 1140 subjugo
748 1074 924 1123 montis
953 1073 1175 1139 proelium
1202 1073 1321 1132 fuit·,

20 1155 119 1204 quo
160 1138 459 1188 interclusam
495 1141 554 1188 ab
592 1140 679 1189 suis
715 1141 876 1190 levem
927 1158 1214 1189 armaturam
1256 1139 1321 1189 fa=

21 1205 356 1272 cile(etenim
406 1225 609 1257 numero
645 1209 941 1274 aliquantum
991 1206 1317 1276 praestabant)

23 1271 236 1322 Romani
274 1273 563 1340 superaffent
589 1311 604 1333 ‚
648 1274 731 1324 nisi
775 1275 1100 1340 Hispanorum
1143 1276 1321 1324 cohors

30 1341 93 1390 ad
115 1341 331 1407 idipsum
370 1357 388 1388 1
421 1341 604 1391 remissa
640 1344 699 1391 ab
722 1341 964 1391 Annibale
1000 1341 1328 1409 pervenisset:

30 1424 88 1458 ea
123 1407 345 1458 affuetior
374 1411 619 1458 montibus
638 1447 652 1468 ‚
679 1409 731 1460 &
767 1410 827 1459 ad
845 1411 1221 1460 concursandum
1244 1411 1321 1459 in-

15 1489 105 1526 ter
133 1476 237 1525 saxa
269 1479 504 1543 rupesque
536 1478 692 1544 aptior
724 1494 780 1526 ac
817 1478 975 1528 levior
997 1516 1014 1538 ‚
1048 1496 1196 1544 quum
1222 1494 1322 1528 ve-

18 1543 228 1608 ‚locitate
245 1563 537 1609 corporum,
574 1559 677 1595 tum
715 1563 960 1595 armorum
998 1547 1163 1595 habitu
1190 1562 1328 1594 cam-

16 1609 242 1679 ,pestrem
274 1612 460 1662 hostem
481 1652 496 1673 ‚
526 1631 724 1680 gravem
758 1615 901 1663 armis
943 1613 1329 1680 statariumque9'

35 1696 208 1746 pugnae
259 1697 438 1747 genere
471 1681 609 1730 facile
656 1680 805 1732 elufit.
849 1680 922 1730 Ita
951 1682 1329 1748 haudquaquam,

34 1750 138 1814 pari
159 1750 417 1799 certamine
441 1747 626 1816 digreffi
650 1787 666 1810 ,
696 1749 896 1815 Hispani
921 1748 1024 1799 fere
1054 1767 1224 1798 omnes
1250 1751 1326 1799 in-

39 1814 253 1864 columes
278 1854 294 1877 ‚
317 1815 554 1874 Romani,
579 1817 763 1884 aliquot
783 1817 873 1866 suis
893 1816 1065 1866 amissis
1085 1855 1099 1877 ,
1117 1819 1163 1866 in
1181 1816 1335 1867 castra-

35 1883 407 1933 contenderunt.
462 1883 634 1940 Fabius
691 1901 884 1950 quoque
936 1887 1095 1934 movit
1145 1884 1338 1946 castrag,

34 1949 425 2018 transgressusque
456 1950 623 2000 saltum
660 1950 797 2018 super
819 1951 992 2000 Allifas
1016 1989 1030 2012 ,
1067 1952 1180 2001 loco
1223 1953 1334 2002 alto-

34 2035 93 2068 ac
118 2020 305 2068 munito
339 2019 571 2069 consedit.
606 2017 765 2079 Tum,
807 2036 894 2086 per
922 2018 1170 2069 Samnium
1214 2019 1327 2075 Pto-2

37 2103 168 2136 mam
193 2087 238 2136 se
261 2101 426 2152 petere
465 2086 687 2136 simulans
716 2086 962 2146 Annibal,
991 2088 1145 2154 ,usque
1168 2089 1213 2136 in
1238 2087 1333 2137 Pe·-

36 2155 195 2221 lignos
238 2154 606 2223 populabundus
644 2156 801 2204 rediit.
829 2155 999 2204 Fabius
1026 2157 1211 2205 medius
1252 2158 1325 2205 in-

37 2236 112 2273 ter
162 2224 366 2272 hostium
407 2240 580 2289 agmen
623 2223 892 2290 urbemque
934 2222 1145 2272 Romam
1200 2222 1323 2289 jugis

33 2290 276 2352 ducebat,
315 2307 406 2340 nec
440 2289 694 2349 absistens,
733 2308 823 2340 nec
860 2291 1196 2357 congrediens.
1247 2291 1322 2338 Ex

37 2357 244 2425 Pelignis
287 2356 462 2407 Poenus
494 2359 628 2408 flexit
662 2358 788 2418 iter,
833 2373 1059 2423 retroque
1092 2359 1323 2424 Apuliam

34 2440 261 2491 repetens
285 2463 299 2485 ,
339 2424 613 2476 Geronium
655 2428 908 2490 pervenit,
945 2426 1115 2475 urbem
1163 2442 1324 2484 metu,

22 2496 146 2562 -quia
175 2491 382 2559 collapsa
403 2496 547 2544 ruinis
585 2510 692 2561 pars
710 2496 945 2542 moenium
972 2509 1106 2553 erat,
1139 2493 1198 2541 ab
1233 2493 1324 2541 suis

101 2629 118 2657 1
162 2616 330 2674 Remiffa
360 2615 408 2659 ab
442 2615 643 2658 Annibale
676 2617 949 2674 ger-ueniffet]
983 2615 1105 2660 Forte
1137 2614 1324 2673 superne«-

34 2676 162 2735 afflet.
