1684 3088
312 114 385 187 36
611 119 1295 192 T1T1L1v11

96 213 284 270 U.c.534.
307 225 460 276 equos
493 230 661 266 nantes
687 223 884 269 navium
916 242 1089 290 agmen
1110 265 1125 287 ‚
1164 232 1222 279 ad
1255 235 1592 300 excipiendum

96 271 282 318 ‘hc-213-
303 279 488 329 adversi
521 284 755 350 impetum
781 290 986 341 fluminis
1011 313 1143 360 parte
1178 298 1419 365 superiore
1445 305 1592 353 trans-

303 349 498 396 mittens
529 387 546 410 ‚
617 357 1007 420 tranquillitatem
1064 363 1183 412 infra
1243 368 1585 431 trajicientibus

300 413 518 465 lintribus
548 421 804 484 praebebat.
845 424 1091 492 Equorum
1125 450 1231 496 pars
1262 453 1435 502 magna
1462 456 1588 487 nan-

300 495 374 530 tes
410 482 523 531 loris
554 505 581 534 a
619 491 858 554 puppibus
888 495 1230 559 trahebantur,
1263 520 1431 566 praeter
1467 521 1586 566 eOS,

299 565 422 613 quos
458 550 672 603 instratos
707 557 1008 627 frenatosque
1028 599 1041 621 ,
1067 581 1117 614 ut
1136 572 1383 636 extemplo
1404 572 1586 639 egresso

300 617 349 664 in
363 619 511 681 ripam
532 624 678 686 equiti
699 625 795 672 usui
817 625 964 677 effent
985 667 998 688 ,
1013 631 1335 696 imposuerant
1353 641 1399 687 in
1419 657 1590 690 naves-

367 684 600 735 XXVIII.
630 689 759 739 Galli
780 696 1028 745 occursant
1050 699 1097 745 in
1121 702 1270 766 ripam
1302 723 1409 754 cum
1441 709 1585 757 variis

298 752 552 802 ululatibus
582 773 822 827 cantuque
854 766 998 812 moris
1030 764 1127 826 sui,
1159 774 1430 836 quatientes
1474 775 1586 824 scu-

300 833 349 867 ta
397 819 534 885 super
576 827 732 888 capita
755 865 770 887 ‚
818 830 1150 898 vibrantesque
1204 838 1379 888 dextris
1429 843 1523 891 tela
1564 859 1581 903 ;

297 902 588 954 quamquam
620 909 678 940 ex
725 895 926 946 adverso
963 902 1168 951 terrebat
1206 920 1334 955 tanta
1383 909 1455 955 vis
1501 928 1587 959 na-

294 956 431 1001 vium
461 974 568 1005 cum
608 960 791 1026 ingenti
836 964 952 1014 sono
988 969 1226 1030 fluminiS,
1281 975 1331 1022 ὅ(
1369 975 1583 1027 clamore

293 1023 431 1070 vario
466 1040 711 1075 nautarum
734 1030 787 1078 &
809 1033 1011 1082 militum
1038 1073 1052 1096 ,
1075 1040 1154 1102 qui
1176 1042 1447 1091 nitebantur
1467 1061 1578 1111 per-

287 1105 512 1155 rumpere
537 1094 773 1158 impetum
787 1098 991 1149 fluminis
1012 1139 1026 1160 ‚
1062 1104 1114 1151 &
1144 1107 1222 1171 qui
1259 1125 1317 1157 ex
1338 1112 1487 1160 altera
1513 1114 1580 1161 ri·-

289 1173 352 1220 pa
384 1157 674 1221 trajicientes
700 1163 806 1213 suos
844 1167 1173 1221 hortabantur.
1214 1173 1317 1223 Jam
1354 1177 1459 1226 satis
1495 1196 1584 1243 pa-

286 1239 456 1274 ventes
491 1228 690 1278 adverso
738 1236 973 1293 tumultu,
1027 1240 1282 1290 terribilior
1327 1244 1385 1292 ab
1437 1260 1578 1314 tergo

283 1291 477 1341 adortus
503 1295 713 1358 clamor,
737 1299 891 1349 castris
919 1305 977 1351 ab
996 1303 1239 1357 Hannone
1262 1314 1428 1376 captis,
1451 1314 1575 1364 Mox

283 1358 458 1426 &ipse
494 1363 692 1425 aderat,
729 1370 996 1436 ancepsque
1026 1387 1177 1425 terror
1211 1378 1568 1443 circumstabat,

282 1425 336 1474 ὅ(
380 1445 406 1476 e
438 1432 637 1480 navibus
688 1448 818 1483 tanta
864 1437 913 1486 vi
964 1456 1255 1492 armatorum
1301 1448 1348 1494 in
1396 1463 1573 1500 terram

278 1495 519 1546 evadente
538 1536 552 1557 ,
579 1500 630 1547 &
654 1500 712 1549 ab
736 1517 871 1570 tergo
887 1507 1151 1571 improvisa
1172 1528 1423 1576 premente
1440 1519 1570 1578 acie,

278 1559 455 1624 Galli,
496 1565 750 1633 postquam
796 1572 1001 1637 utroque
1050 1579 1148 1625 vim
1201 1579 1359 1630 facere
1411 1588 1574 1635 conati

274 1630 606 1694 pellebantur,
627 1653 715 1700 qua
742 1653 904 1702 patere
924 1641 1074 1690 visum
1098 1647 1302 1695 maxime
1323 1650 1438 1711 iter,
1455 1670 1569 1715 per-

274 1713 536 1764 rumpunt,
559 1704 829 1771 trepidique
859 1709 903 1755 in
934 1711 1068 1759 vicos
1103 1713 1265 1778 passim
1298 1715 1402 1765 suos
1430 1718 1571 1770 diffu-

276 1766 428 1829 giunt.
460 1769 701 1831 Annibal,
729 1777 898 1823 ceteris
922 1780 1073 1842 copiis
1108 1798 1194 1844 per
1218 1785 1368 1831 otium
1395 1785 1568 1848 trajec-

276 1833 335 1880 tis
360 1834 616 1899 ‚spernens
638 1837 730 1900 jam
758 1838 973 1892 Gallicos
998 1849 1224 1897 tumultus
1245 1887 1258 1909 ,
1299 1851 1444 1900 castra
1481 1855 1563 1904 lo·-

57 1879 258 1949 εἷεΡῆαΠ·
276 1915 365 1951 cat.
399 1901 777 1969 Elephantorum
813 1909 1201 1973 trajiciendorum
1240 1921 1368 1966 varia
1403 1922 1565 1971 confi-
1630 1948 1637 1949 ff

57 1955 252 2017 ¹¹9²¹⁰'⁷f⁰'
273 1969 332 2016 lia
365 1969 496 2022 fuisse
517 1974 661 2021 credo
683 1991 697 2033 3
724 1978 849 2026 certe
870 1982 1048 2030 variata
1067 1987 1299 2033 memoria
1325 1985 1435 2035 21&ae
1463 1992 1558 2039 rei:

55 2005 107 2102 ΞΟ
129 2021 250 2064 ‘'⁶²“
270 2038 463 2102 quidam
480 2077 495 2097 ,
536 2046 838 2109 congregatis
869 2047 928 2094 ad
952 2049 1103 2114 ripam
1124 2052 1390 2116 elephantis
1415 2092 1429 2115 ‚
1462 2071 1556 2106 tra-

90 2093 118 2105 ”
265 2104 386 2154 dunt
431 2106 777 2158 ferociffimum·
817 2128 877 2161 ex
916 2116 970 2162 iis
1012 2119 1243 2167 irritatum
1276 2121 1335 2168 ab
1370 2121 1559 2175 restore

262 2170 381 2231 suc,
417 2192 562 2239 quum
611 2176 926 2244 refugientem
954 2184 1001 2230 in
1034 2202 1209 2250 aquam
1247 2204 1442 2238 nantem
1482 2191 1556 2242 se·

257 2255 518 2303 queretur,
555 2243 739 2293 traxiffe
775 2263 1002 2314 gregem,
1054 2270 1072 2300 1
1116 2268 1168 2302 ut
1215 2271 1458 2322 quemque
1493 2261 1556 2309 tia

256 2322 474 2357 mentem
508 2310 805 2361 altitudinem
840 2315 1112 2366 destituerat
1144 2321 1352 2379 vadum,
1393 2327 1552 2390 inipe-

256 2386 307 2421 tu
341 2375 442 2440 ipso
477 2378 682 2427 fluminis
715 2381 762 2428 in
786 2381 981 2432 alteram
1007 2385 1157 2451 ripam
1192 2392 1425 2452 rapiente.
1451 2392 1551 2458 Ce-

254 2454 410 2491 terum
431 2448 578 2512 magis
607 2446 787 2496 constat
806 2487 825 2510 ‚
846 2453 1021 2500 rat-ibus
1054 2453 1277 2519 trajeflos
1298 2473 1310 2505 :
1337 2474 1363 2504 2
1387 2459 1434 2506 id
1451 2495 1464 2517 ,
1493 2477 1544 2512 ut

319 2539 336 2567 1
363 2528 420 2568 Ut
432 2546 607 2585 quemque
630 2536 858 2592 timentem]
922 2554 1034 2594 aquae
1058 2544 1078 2580 a
1099 2544 1201 2581 vado
1233 2543 1548 2589 destituebatur.

249 2585 377 2630 Prout
421 2593 582 2645 quisque
617 2596 858 2649 elephanto·
983 2614 1006 2641 2
1026 2601 1105 2650 Id,
1125 2617 1166 2642 ut
1186 2605 1338 2658 eutius]
1371 2606 1419 2646 Id
1449 2619 1506 2648 utr
1523 2635 1537 2656 ,

247 2661 335 2690 zum
402 2652 546 2698 timens
603 2657 851 2702 altitudinem
915 2672 1009 2730 ante
1027 2676 1109 2706 rem
1131 2665 1256 2709 astam
1276 2694 1291 2730 ³.
1313 2667 1447 2718 tutius
1469 2667 1542 2734 Ji}
