1711 3078
328 195 679 255 LIBER
772 197 1082 255 XXII.
1257 209 1364 274 ης

87 308 234 360 quum
264 295 409 345 hostis
437 298 632 362 propius
663 293 777 344 effer
797 331 811 353 ‚
849 288 1247 358 tertiam‘partem
1271 293 1367 341 mi·-
1388 277 1584 373 {lec-5235·

85 362 222 411 litum
272 362 651 422 frumentatum,
703 362 883 410 duabus
918 364 967 410 in
1020 359 1175 408 castris
1208 375 1369 408 reten·
1387 345 1422 375 a*
1542 340 1587 380 7¹

88 432 178 488 tis,
211 429 412 478 dimisit:
454 431 564 478 dein
598 429 743 478 castra
780 428 878 494 ipsa
926 428 1124 493 propius
1186 426 1375 475 hostem

88 500 279 554 movit,
302 497 399 545 duo
431 495 583 545 ferme
618 515 643 545 a
680 495 905 546 Geronio
926 495 1070 542 millia
1092 531 1106 552 ,
1142 493 1190 540 in
1213 509 1381 540 tumn-a

87 563 187 611 lum
216 562 337 611 hosti
367 563 708 630 conspectum3
742 579 792 611 ut
828 565 1068 610 intentum
1099 561 1236 608 sciret
1287 558 1382 608 effe

90 630 151 677 ad
188 629 589 691 frumentatores,
624 631 657 678 si
685 649 778 696 qua
830 632 900 678 vis
935 628 1102 687 fieret,
1138 627 1385 675 tutandos,

89 695 291 762 Propior
317 699 428 746 inde
457 699 500 747 ei
540 736 552 755 ‚
590 715 729 763 atque
766 696 875 762 ipsis
908 698 1164 744 imminens
1201 693 1385 742 Roma·

93 781 266 813 norum
304 765 457 814 castris
482 767 687 813 tumulus
726 766 975 830 apparuit;
1012 764 1071 812 ad
1119 778 1265 827 quern
1301 779 1388 809 ca—

91 833 321 896 piendum
357 832 388 880 fi
427 834 533 880 luce
583 833 740 896 palam
776 836 952 890 iretur,
986 832 1094 896 quia
1126 830 1252 878 haud
1290 829 1387 877 du·-

93 900 172 947 bie
203 897 344 947 hostis
382 899 611 947 breviore
643 899 719 948 νῐέι
758 913 1085 964 praeventurus
1119 911 1254 957 erat,
1285 915 1387 945 no·-

92 964 165 1014 &e
199 967 322 1014 clam
353 964 473 1013 miffi
508 965 733 1015 Numidae
769 980 1033 1032 ceperunt:
1064 982 1185 1030 quos
1213 980 1391 1013 tenen-

91 1048 165 1081 tes
195 1033 355 1082 locum
376 1069 391 1092 ,
428 1034 707 1100 contempta
734 1036 976 1099 paucitate
1005 1071 1020 1094 ,
1050 1031 1259 1082 Romani
1296 1050 1395 1098 po·

93 1098 219 1149 stero
252 1101 330 1149 die
376 1118 525 1166 quum
567 1099 842 1165 eieciffent,
879 1100 967 1167 ipsi
999 1100 1060 1150 e'o
1096 1098 1392 1149 transferunt

95 1167 260 1217 castra.
286 1166 416 1215 Tum
450 1171 609 1234 itaque
627 1207 640 1229 ‚
665 1183 716 1217 ut
739 1172 965 1236 exiguum
996 1169 1130 1234 spatii
1154 1167 1335 1218 vallum
1363 1184 1394 1217 a

95 1235 227 1285 vallo
251 1236 441 1295 aberat,
480 1237 528 1284 &
561 1237 608 1284 id
639 1237 790 1302 ipsum
815 1253 971 1286 totum
997 1237 1149 1302 prope
1166 1237 1394 1301 comple-⁴

93 1317 233 1351 verat
264 1303 486 1351 Romana
517 1305 672 1363 acies,
715 1303 849 1352 simul
886 1305 934 1352 δί
978 1321 1064 1369 per
1104 1302 1266 1352 aversa
1303 1322 1393 1352 ca-

97 1368 187 1418 stra
215 1388 241 1418 a
269 1369 428 1418 castris
466 1372 718 1419 Annibalis
750 1373 989 1438 equitatus
1013 1409 1027 1431 ‚
1061 1389 1168 1421 cum
1197 1371 1295 1420 levi
1331 1388 1398 1418 ar-

97 1452 282 1486 matura
313 1436 499 1486 emiffus
531 1441 578 1486 in
628 1439 1037 1498 frumentatores,
1075 1440 1167 1487 late
1207 1438 1395 1487 caedem

98 1504 361 1571 fugamque
414 1504 619 1554 hostium
665 1507 936 1572 palatorum
967 1507 1082 1555 fecit
1117 1524 1128 1554 z
1158 1523 1248 1554 nec
1289 1508 1394 1555 acie

100 1587 286 1622 certare
321 1573 534 1622 Annibal
563 1573 737 1637 ausus,
774 1576 883 1642 quia
922 1593 953 1626 2
976 1573 1107 1624 tanta
1154 1573 1398 1640 paucitate

100 1701 185 1732 tum
225 1691 267 1732 ὅ(
301 1691 433 1732 levem
478 1705 714 1734 armaturam

45 1746 53 1748 ”
101 1752 142 1794 in
172 1753 426 1806 pabulatores
458 1753 598 1795 emifit.
627 1753 716 1793 An·

103 1813 224 1854 nibali
245 1827 374 1868 neque
402 1815 451 1854 ad
481 1815 715 1855 certandum

100 1875 187 1915 acie
209 1874 298 1915 satis
324 1875 464 1915 virium
490 1886 607 1924 erat,
641 1889 716 1916 ne-

104 1949 184 1990 que
216 1935 265 1975 ad
306 1949 424 1990 opem
464 1938 606 1990 palatis
643 1951 716 1991 per

102 2010 221 2050 agros
245 1996 320 2036 suis
355 1997 577 2038 ferendam.
612 1997 717 2039 Jam-

102 2071 182 2111 que
221 2057 426 2099 vellebant
461 2061 608 2099 vallum
644 2061 718 2099 ho-

93 2118 215 2158 ›stium
248 2118 448 2164 Romani,
488 2134 606 2173 quum
648 2119 717 2160 As-

90 2174 266 2227 drubal,
294 2181 471 2220 colleffis
498 2183 720 2222 frumenta-

91 2241 260 2281 erroribus
280 2240 347 2293 qui
367 2241 592 2282 Geronium
610 2243 721 2283 refu-

104 2313 244 2356 gerant
273 2302 321 2341 ad
351 2298 525 2355 quatuor
568 2304 687 2343 millia
707 2330 718 2351 ‚

102 2363 290 2403 auxilium
319 2363 505 2404 Annibali
525 2363 603 2416 jam
622 2378 718 2419 pro-

102 2437 154 2477 pe
188 2423 338 2463 obseffo
368 2424 408 2464 in
439 2425 569 2466 castris
604 2427 716 2467 tulit.

103 2485 210 2524 Tum
230 2484 399 2525 Romani
414 2487 629 2527 abscedere
651 2501 718 2527 co-

105 2546 181 2586 affl
204 2545 292 2585 sunt
310 2574 319 2591 ‚
337 2547 472 2588 multis
492 2557 626 2588 tamen
645 2550 718 2588 ho·

104 2606 216 2646 stium
245 2608 293 2646 ad
314 2607 433 2647 castra
462 2607 584 2650 caefis.
618 2610 716 2650 Fru-

104 2678 373 2707 mentatorum
422 2669 549 2720 major
594 2671 713 2710 etiam

104 2729 234 2771 caedes
257 2730 346 2772 fuit.
369 2729 530 2773 Postero
550 2731 614 2773 die
631 2731 714 2774 An-

780 1692 886 1732 nibal
907 1692 946 1732 in
963 1690 1100 1746 priora·
1128 1690 1247 1731 castra
1262 1719 1273 1740 ‚
1307 1699 1398 1746 quae

777 1768 851 1808 pro
871 1753 1042 1795 Geronii
1055 1753 1250 1794 moenibus
1266 1761 1399 1802 erant,-

778 1816 933 1868 recepit
952 1815 1041 1855 suos
1063 1829 1073 1854 :
1093 1828 1138 1853 ac
1156 1815 1291 1867 postea
1309 1829 1399 1869 par-

780 1875 862 1916 cius
881 1877 921 1917 ὃ(
940 1875 1096 1917 cautius
1115 1877 1294 1929 pabulati
1309 1876 1398 1916 sunt

783 1936 1152 1992 Carthaginienses.
1181 1937 1281 1976 Haec
1301 1938 1399 1978 ideo

779 1999 1022 2040 attexuimus
1056 2026 1067 2046 ,
1109 1998 1200 2052 quia
1233 1998 1398 2039 Liviana

780 2060 956 2101 narratio
1015 2059 1134 2114 paulo
1189 2059 1401 2101 obscurior

782 2121 861 2169 est,
885 2136 959 2160 nec
986 2135 1122 2174 parurn
1152 2120 1189 2160 ei
1219 2121 1318 2162 lucis
1349 2135 1400 2162 ex

783 2182 842 2222 his
862 2183 1024 2222 videtur
1051 2181 1200 2222 afferri.

845 2257 871 2284 2
895 2242 1241 2297 Tantdpaucitaee
1257 2243 1272 2294 ]
1296 2242 1400 2284 Haec

780 2304 847 2345 vix
859 2305 1029 2360 intelligi
1044 2305 1082 2344 in
1094 2304 1209 2344 Livio
1226 2304 1400 2357 possunt.

781 2365 994 2406 Undenum
1047 2365 1150 2405 enim
1207 2364 1399 2414 judicabi-

780 2441 865 2468 mus
887 2454 898 2474 ,
919 2430 1071 2481 quanta*
1087 2426 1397 2481 Carthaginien.-

781 2488 874 2528 fium
894 2490 933 2528 in
953 2488 1087 2528 castris
1106 2488 1284 2539 paucitas
1304 2489 1397 2529 fue-

778 2551 831 2589 rit
852 2547 942 2590 ?At
959 2548 1063 2604 apud
1095 2548 1306 2603 Polybium
1334 2550 1397 2589 ni·

778 2611 833 2651 hil
854 2612 996 2652 clarius
1016 2622 1087 2650 :ut
1107 2611 1314 2663 apparebit
1333 2625 1399 2651 re·

778 2672 930 2727 legenti
950 2673 1070 2725 paulo
1089 2670 1282 2727 attentius
1303 2682 1394 2714 not.

783 2744 824 2778 1.
860 2734 990 2790 supra.
1019 2732 1221 2774 Poffumus
1254 2743 1393 2775 tamen

1070 2789 1107 2840 F
1140 2789 1190 2858 iij
