1684 3088
388 436 498 487 XX
517 439 583 490 V.
613 444 667 494 In
698 446 882 500 Italiam
910 454 1099 508 interim
1124 464 1239 514 nihil
1274 467 1393 518 ultra
1414 508 1428 530 ‚
1462 473 1609 539 quam

315 500 510 555 Iberum
548 512 753 564 tranfiffe
792 518 1084 574 Annibalem
1118 567 1132 589 ,
1170 550 1196 581 a
1250 533 1608 592 Maffilienfium

140 624 143 625 7
210 616 234 629 Η
261 617 270 626 ,
315 571 483 638 legatis
507 575 717 630 Romam
745 586 984 649 perlatum
1018 609 1118 643 erat
1142 615 1156 656 3
1195 617 1340 664 quum
1359 642 1373 663 ‚
1405 611 1606 670 perinde

101 613 232 714 ,39¹¹
256 634 295 658 ἠ
317 656 371 687 ac
402 641 433 689 fi
463 641 616 710 Alpes
638 646 735 710 jam
760 654 985 706 tranfiffet
1004 696 1018 719 ,
1039 660 1179 724 Boii,
1199 667 1455 722 sollicitatis
1476 675 1607 726 Insu-

104 679 504 778 b²‘}}¹‘¹'⁸'bribus,
539 713 851 779 defecerunt,
883 740 971 773 nec
998 741 1094 776 tam
1124 732 1187 779 ob
1216 752 1405 788 veteres
1439 744 1484 789 in
1514 762 1604 808 po-

131 751 150 777 e
188 755 272 784 ‘m‘
312 776 477 838 pulum
514 779 794 836 Romanum
823 789 912 837 iras
932 829 946 852 ‚
973 796 1116 858 quam
1144 802 1276 865 quod
1303 823 1456 871 nuper
1479 812 1603 861 circa

311 841 494 893 Padum
538 847 822 903 Placentiam
871 856 1266 933 Cremonamque
1307 875 1520 925 colonias
1555 881 1603 928 in

307 927 472 976 agrum
521 913 760 970 Gallicum
820 924 1044 978 deduci-as
1093 952 1233 1001 ·aegre
1285 943 1602 1004 patiebantur.

304 975 502 1044 Itaque,
541 989 680 1034 armis
718 995 917 1055 repente
954 1003 1184 1064 arreptis,
1222 1006 1269 1052 in
1309 1023 1418 1058 eum
1447 1013 1601 1077 ipsum

238 1094 240 1096 ,
303 1062 469 1111 agrum
516 1051 701 1118 impetu
735 1057 899 1119 facio,
947 1077 1134 1115 tantum
1188 1076 1379 1124 terroris
1416 1097 1470 1126 ac
1515 1096 1599 1131 tu-

301 1114 480 1162 multus
517 1116 767 1181 fecerunt,
810 1142 861 1175 ut
896 1147 994 1178 non
1029 1135 1217 1200 agrestis
1245 1144 1401 1193 modo
1439 1148 1599 1197 multi·

301 1180 420 1229 tudo
443 1220 461 1241 ,A
479 1183 560 1232 sed
591 1188 675 1252 ipsi
709 1193 944 1245 triumviri
972 1198 1214 1264 Romani,
1245 1211 1323 1272 qui
1344 1213 1402 1260 ad
1429 1231 1595 1279 agrum

297 1246 534 1299 venerant
572 1254 927 1323 affignandum,
964 1266 1099 1317 diffifi
1139 1271 1383 1326 Placentiae
1422 1286 1596 1331 moeni-

298 1314 385 1363 bus
411 1354 425 1376 ,
457 1317 692 1372 Mutinam
746 1329 1081 1397 confugerint,
1121 1337 1185 1386 C.
1225 1340 1438 1394 Lutatius
1463 1386 1477 1406 ,
1530 1350 1592 1402 C.

298 1379 527 1434 Servilius
549 1425 562 1446 ,
600 1389 664 1441 T.
694 1391 899 1446 Annius.
938 1400 1111 1452 Lutatii
1133 1424 1314 1459 nomen
1336 1413 1462 1463 haud
1492 1417 1592 1466 du-

296 1448 427 1499 bium
450 1452 517 1502 est
552 1472 564 1505 :
591 1475 680 1522 pro
716 1459 777 1510 C.
809 1463 1014 1517 Servilio
1037 1508 1051 1529 ‚
1093 1473 1143 1521 &
1174 1474 1238 1525 T.
1279 1479 1478 1542 Annio,
1517 1484 1590 1551 Q.

293 1514 507 1569 Acilium
540 1559 556 1584 ‚
608 1525 660 1575 &
705 1525 767 1578 C.
811 1531 1113 1587 Herennium
1163 1542 1342 1596 habent
1393 1552 1589 1618 quidam

293 1587 490 1637 annales
519 1606 530 1637 z
564 1593 641 1641 alii
666 1592 719 1643 P.
747 1596 1030 1654 Cornelium
1070 1606 1268 1660 Asinam
1288 1651 1302 1673 ‚
1333 1616 1383 1664 ὃ(
1409 1617 1470 1667 C.
1497 1620 1588 1671 Pa-

290 1654 465 1717 pirium
488 1656 755 1714 Masonem.
775 1665 830 1714 Id
854 1687 1046 1738 quoque
1070 1674 1270 1727 dubium
1289 1683 1354 1731 est
1374 1721 1388 1742 ,
1405 1686 1548 1750 legati
1561 1727 1584 1750 .,

292 1720 355 1767 ad
389 1724 788 1789 expostulandum
826 1736 943 1785 miffi
970 1741 1029 1787 ad
1066 1740 1213 1794 Boios
1235 1785 1249 1807 ,
1275 1751 1441 1801 violati
1463 1754 1551 1804 fint
1572 1794 1588 1818 ‚

292 1805 353 1835 an
379 1790 429 1836 in
475 1795 750 1848 triumviros
800 1819 965 1869 agrum
1003 1824 1240 1863 metantes
1286 1819 1493 1884 impetus
1531 1822 1586 1873 fit

290 1853 460 1906 sacius.
481 1859 684 1912 Mutinae
718 1884 864 1933 quum
884 1872 1210 1928 obsiderentur
1227 1919 1241 1939 ‚
1264 1884 1314 1933 &
1347 1904 1465 1952 gens
1485 1927 1499 1949 ,
1524 1890 1586 1940 ad

294 1930 728 1993 oppugnandarum
763 1938 949 1987 urbium
982 1958 1104 1992 artes
1136 1949 1296 2010 rudiS‚
1327 1957 1582 2021 pigerrima

294 1991 468 2042 eadem
503 1997 563 2044 ad
596 2000 814 2052 militaria
847 2023 1027 2071 opera,
1058 2011 1208 2080 segnis
1252 2020 1435 2071 intaffis
1475 2024 1586 2074 affi-

296 2057 433 2109 deret
475 2067 655 2127 muris,
696 2068 898 2121 simulari
943 2094 1155 2142 coeptum
1201 2084 1262 2132 de
1297 2105 1414 2153 pace
1457 2095 1532 2159 agi
1566 2111 1582 2153 3

293 2129 587 2196 evocatique
625 2135 684 2183 ab
722 2136 976 2190 Gallorum
1015 2149 1307 2215 principibus
1347 2156 1488 2224 legati
1523 2161 1584 2210 ad

295 2195 594 2261 colloquium
626 2239 641 2262 ‚
680 2222 780 2253 non
822 2225 987 2259 contra
1019 2212 1092 2276 jus
1130 2219 1281 2268 modo
1331 2228 1584 2290 gentium,

293 2259 377 2309 sed
395 2265 576 2317 violata
609 2271 749 2319 etiam
771 2310 786 2332 ,
816 2292 920 2340 quae
945 2279 1052 2328 data
1087 2284 1133 2330 in
1159 2285 1207 2333 id
1238 2301 1429 2356 tempus
1452 2311 1581 2357 erat,

294 2326 394 2378 fide
428 2368 442 2390 ‚
481 2339 955 2400 comprehenduntur
992 2363 1006 2405 3
1045 2354 1328 2416 negantibus
1374 2357 1525 2410 Gallis
1563 2401 1579 2424 ‚

293 2395 378 2444 nisi
412 2399 602 2450 obfides
639 2404 721 2453 fibi
751 2409 1091 2476 redderentur,
1116 2435 1198 2467 eos
1224 2419 1269 2469 se
1298 2423 1580 2481 dimissuros.

82 2465 264 2509 Manlius
293 2460 468 2527 Quum
503 2467 603 2518 haec
623 2472 683 2522 de
705 2473 872 2543 legatis
890 2484 1102 2532 nuntiata
1123 2485 1299 2549 essent,
1323 2491 1373 2539 &
1390 2494 1578 2548 Mutina

79 2542 225 2582 praetor
291 2531 655 2602 praefidiumque
671 2541 718 2588 in
740 2547 955 2607 periculo
981 2548 1095 2600 esset
1114 2590 1126 2610 ,
1147 2553 1201 2602 L.
1218 2555 1423 2609 Manlius
1453 2581 1579 2627 prae·

80 2591 180 2630 mal}
196 2606 271 2631 rem
290 2613 395 2658 tor,
420 2601 487 2649 ira
521 2606 769 2670 accensus,
805 2611 1001 2662 effusum
1038 2636 1210 2685 agmen
1246 2625 1305 2673 ad
1336 2626 1575 2681 Mutinam

76 2653 196 2708 §07³⁰
292 2666 439 2718 ducit.
467 2668 632 2737 Sylva-2
657 2690 768 2727 tunc
805 2682 928 2732 circa
963 2686 1093 2736 viam
1139 2704 1307 2755 erant,
1340 2695 1574 2768 plerisque
