1684 3088
325 185 408 262 96
655 184 1335 244 T1T1L1v11

114 289 171 332 U
179 302 210 332 ς
222 300 307 340 535.
331 280 469 329 nibus
501 278 583 330 dat
619 278 753 331 simul
789 281 1054 332 invadendi
1087 300 1098 331 τ
1134 283 1215 350 qui
1243 284 1356 346 ubi,
1392 302 1498 351 qua
1522 281 1627 335 cuia
1666 274 1668 276 i

119 347 306 394 2.·C217·
331 364 424 413 que
461 350 737 414 proximum
782 349 869 398 fuit
892 387 906 410 ‚
951 350 1266 400 decucurrere
1292 389 1307 412 ‚
1356 353 1418 401 eb
1467 355 1622 419 magis

330 415 566 466 Romanis
597 416 746 465 subita
776 432 919 483 atque
946 419 1206 484 improvisa
1231 435 1307 467 res
1336 418 1457 480 fuit,
1486 394 1622 486 qubd

330 498 437 532 orta
463 502 521 533 ex
556 485 661 533 lacu
697 485 873 533 nebula
906 485 1296 552 campo,quz*1m
1338 490 1622 548 montibus»,

326 551 521 601 denfior
558 552 774 611 sederat,
802 555 1088 619 agminaque
1111 553 1317 603 hostium
1358 572 1385 602 2
1411 571 1470 604 ex
1504 555 1622 620 plu-

325 620 455 667 ribus
487 620 693 675 vallibus
719 619 818 685 ipsa
853 623 978 669 inter
1014 620 1059 670 se
1090 620 1194 670 satis
1223 622 1512 688 conspefia,
1533 623 1624 672 eb-

326 704 421 752 que
464 689 614 754 magis
670 688 847 752 pariter
909 688 1302 738 decucurrerunt.
1340 689 1620 740 'Romanus

324 756 536 804 clamore
569 755 698 821 prius
737 755 950 821 undique
987 771 1130 818 orto,
1174 755 1321 822 quiam
1351 756 1455 805 satis
1505 772 1619 809 εει-ε

324 837 496 883 neret,
528 822 573 872 se
598 824 981 873 circumventum
1015 823 1108 873 effe
1136 823 1308 884 seniit3
1343 825 1396 872 δε
1428 825 1536 873 ante
1569 825 1620 873 in

322 891 538 939 frontem
577 891 821 957 lateraque
858 893 1059 958 pugnari
1087 906 1302 957 coeptum
1338 891 1437 952 est,
1471 909 1617 958 quam

322 958 431 1006 satis
463 957 770 1007 instrueretur
787 960 952 1020 acies,
977 975 1057 1010 aut
1088 960 1305 1026 expediri
1323 976 1454 1009 arma
1479 960 1641 1009 strin-·

323 1027 465 1092 gique
509 1027 653 1092 gladii
684 1025 890 1091 poffent.

395 1093 462 1142 V.
504 1093 716 1154 Consul,
768 1091 990 1160 perculsis
1021 1094 1276 1156 omnibus,
1325 1095 1422 1162 ipse
1463 1093 1621 1144 satis
1601 1133 1618 1156 ‚

323 1173 377 1209 ut
406 1162 454 1209 in
484 1161 674 1228 trepida
705 1177 786 1222 re,
813 1162 1116 1228 impavidus,
1148 1163 1366 1212 turbatos
1394 1163 1619 1222 ordines,

322 1242 548 1279 vertente
586 1229 632 1279 se
672 1246 866 1296 quoque
893 1229 953 1278 ad
993 1228 1204 1280 dissonos
1230 1231 1491 1290 clamoreS,
1525 1230 1621 1279 ins-

321 1298 469 1357 uuit,
513 1310 564 1346 ut
616 1312 806 1362 tempus
852 1295 1080 1363 locusque
1119 1301 1324 1363 patitur3
1371 1299 1463 1358 &,
1495 1316 1618 1365 qua-

323 1381 529 1430 cumque
558 1365 687 1414 adire
724 1366 970 1430 audirique
995 1365 1184 1442 potest?
1215 1365 1538 1426 adhortatur,
1562 1384 1617 1415 ae

322 1430 445 1481 stare
469 1434 518 1481 &
548 1450 763 1515 pugnare
795 1431 945 1497 jubet.
967 1436 1066 1482 Nec
1099 1434 1216 1481 enim
1238 1436 1342 1482 inde
1366 1434 1486 1483 votis
1504 1469 1518 1490 ‚
1536 1449 1619 1483 aut

323 1502 642 1564 imploratione
665 1501 792 1548 decim
812 1538 826 1560 ,
842 1501 928 1577 sed
950 1502 998 1549 vi
1023 1519 1078 1550 ac
1102 1503 1301 1561 virtute,
1334 1503 1615 1551 evadendum

322 1566 421 1645 εβξ.
454 1571 546 1617 Per
574 1571 747 1616 medias
779 1571 904 1618 acies
926 1568 1050 1631 ferro
1094 1568 1217 1618 viam
1246 1570 1382 1634 fieri,·
1421 1571 1494 1628 δ’,
1529 1570 1616 1635 quc>

322 1638 499 1684 timoris
545 1638 695 1685 minus
713 1638 808 1701 fit,
843 1637 892 1684 εὸ
920 1637 1067 1684 minus
1105 1634 1248 1700 ferme
1285 1638 1481 1703 periculi
1516 1635 1617 1700 effi.

322 1702 560 1753 Ceterum
604 1721 703 1770 prae
737 1702 930 1769 strepitu
972 1721 1027 1751 ac
1068 1703 1277 1751 tumultu
1326 1721 1417 1754 nec
1463 1703 1620 1753 confi-

320 1771 440 1821 lium
466 1789 556 1821 nec
591 1773 849 1837 imperium
885 1771 1039 1837 accipi
1068 1785 1291 1837 poterat3
1335 1784 1619 1837 tantumque

322 1839 522 1900 aberat,
551 1854 602 1889 ut
632 1840 708 1888 sua
757 1839 887 1906 signa
924 1853 1068 1904 atque
1098 1838 1320 1887 ordinem
1355 1841 1405 1889 ὃ(
1453 1839 1619 1889 locum

324 1906 551 1957 nosceret
574 1909 740 1966 miles,
772 1922 824 1955 ut
858 1922 877 1952 1
911 1909 992 1955 vix
1026 1906 1086 1954 ad
1119 1923 1248 1954 arma
1280 1906 1511 1974 capienda
1537 1925 1622 1973 ap-

321 1976 565 2042 tandaque
602 1992 776 2042 pugnae
809 1988 1114 2040 competeret
1138 1975 1349 2034 animus;
1385 1994 1412 2024 2
1452 1976 1620 2040 oppri-

321 2059 664 2109 merenturque
686 2043 918 2109 quidam,
949 2043 1136 2091 onerati
1160 2044 1310 2107 magis
1335 2044 1441 2101 his,
1475 2059 1620 2108 quam

321 2111 469 2171 teffl,
483 2111 554 2161 &
582 2126 685 2159 erat
721 2114 770 2160 in
804 2123 937 2159 tanta
978 2111 1163 2175 caligne
1203 2127 1361 2174 major
1390 2110 1496 2158 usus
1531 2127 1621 2158 au-

322 2180 482 2239 rium,
523 2178 668 2245 quum
712 2177 984 2229 oculorum.
1019 2178 1100 2227 Ad
1131 2178 1336 2243 gemitus
1363 2179 1620 2229 vulnerum

389 2295 415 2324 2
443 2284 510 2324 Ex
526 2283 703 2338 pluribus
738 2283 941 2338 vallibus]
1007 2284 1097 2325 flius
1120 2297 1132 2324 t
1164 2297 1282 2337 neque
1314 2280 1468 2330 animo,
1498 2293 1619 2334 neque

326 2344 410 2386 Res
447 2346 527 2398 ipsa
555 2344 702 2386 'clamat
723 2373 734 2393 ,
771 2347 814 2387 &
857 2356 944 2387 tota
1007 2345 1161 2385 auribus
1183 2373 1194 2394 ‚
1222 2357 1288 2383 aut
1317 2343 1453 2398 linguai
1473 2355 1620 2396 compe-

328 2407 505 2448 narratio
520 2406 683 2446 Liviana
701 2438 713 2458 ‚
729 2407 943 2461 legendum
1007 2419 1101 2448 tere.

332 2467 410 2509 effe
430 2467 598 2507 collibus
615 2496 626 2516 ‚
646 2483 724 2508 non
757 2468 943 2508 vallibus.
1069 2482 1094 2508 2
1117 2465 1508 2522 opprimerenturque
1539 2463 1620 2515 qui-

401 2540 419 2570 1
445 2529 527 2571 Vix
611 2541 843 2584 competeret
858 2529 947 2568 atzi-
1009 2527 1126 2579 dam]
1163 2529 1213 2568 Er
1243 2528 1399 2581 quidam
1421 2525 1630 2578 opprime-

334 2604 415 2630 mus
431 2593 447 2644 ]
466 2590 548 2632 Vix
578 2592 728 2631 animus
759 2590 813 2630 sui
836 2605 946 2631 com·
1009 2601 1148 2630 rentur
1164 2591 1210 2629 ab
1229 2589 1424 2633 hostibus,
1452 2587 1540 2625 dum
1559 2600 1630 2624 ar-

336 2665 412 2705 pos
443 2651 554 2691 effer.
586 2652 851 2702 A1i5form1‚
881 2652 947 2692 sed
1010 2666 1071 2692 ma
1117 2651 1293 2691 nondum
1331 2659 1463 2704 aptata
1504 2647 1620 2687 oneri

335 2712 483 2754 eodem
510 2713 621 2755 sensu
639 2741 652 2765 ‚
696 2713 794 2756 dixit
821 2713 947 2756 Sallu·
1009 2726 1133 2769 mavis
1149 2711 1234 2768 ipsis
1255 2723 1368 2753 erant
1388 2707 1620 2764 quamusui.

1419 2766 1628 2832 iustusque
