1684 3088
324 147 402 221 46
625 143 1314 205 T1T1L1v11

108 249 299 299 U.c.534·
323 243 451 292 haud
473 241 667 291 dubium
707 242 824 292 fecit
844 281 858 304 ‚
892 245 1036 309 quin,
1079 243 1162 292 nisi
1192 242 1378 294 firmata
1399 257 1615 298 extrema

108 306 296 349 “QG-213·
323 313 525 378 agminis
551 309 761 369 fuissent,
793 313 961 377 ingens
992 312 1039 358 in
1078 327 1139 360 eo
1172 311 1291 360 saltu
1334 315 1614 378 accipienda

321 380 480 428 clades
509 377 669 427 fuerit.
699 377 841 426 Tunc
877 394 1073 444 quoque
1108 379 1174 427 ad·
1194 394 1460 428 extremum
1481 385 1615 447 peri-
1683 437 1684 445 ἵ

318 448 412 495 culi
435 485 448 503 ,
470 464 524 493 ac
549 462 702 512 prope
719 447 983 509 perniciem
1000 460 1200 496 ventum
1220 446 1312 496 est:
1331 466 1442 496 nam
1462 485 1476 507 ,
1495 449 1610 498 dum

318 514 564 563 cunEiatur
612 513 825 561 Annibal
865 530 1038 579 agmen
1086 513 1339 564 demittere
1370 516 1416 563 in
1452 534 1609 583 angu-

315 581 453 640 stias,
491 582 599 645 quia
625 598 723 628 non
741 617 755 639 ,
779 595 829 628 ut
845 581 944 645 ipse
965 580 1201 647 equitibus
1218 582 1437 647 praesidio
1467 599 1568 633 erat
1591 621 1608 644 ,

309 650 378 697 ita
409 649 648 714 peditibus
670 647 931 714 quidquam
956 648 1015 695 ab
1050 650 1368 715 tergoauxilii
1391 651 1607 716 relique-

313 732 385 764 rat
415 734 427 776 ;
462 715 762 765 occursantes
816 732 903 780 per
947 716 1142 782 obliqua
1189 720 1403 766 montani
1425 755 1439 778 ,
1492 732 1605 783 per-

311 800 456 850 rupto
491 784 655 832 medio
695 784 885 849 agmine
907 819 921 842 ‚
947 784 1107 843 viam,
1136 783 1382 844 insedere3
1408 802 1604 852 noxque

314 870 407 900 una
431 852 658 900 Annibali
686 850 784 899 fine
815 850 1052 918 equitibus
1070 867 1215 918 atque
1245 853 1605 918 impedimentis

313 920 416 968 aeia
451 920 532 968 est.

379 987 594 1037 XXXV.
611 985 808 1036 Postero
828 986 932 1046 die,
951 983 1046 1050 jam
1072 986 1258 1054 segnius
1285 986 1604 1037 intercursan-

307 1055 434 1104 tibus
453 1056 661 1104 barbaris
680 1091 694 1113 ,
720 1053 890 1118 junRae
926 1057 1079 1119 copiae
1098 1093 1112 1115 ,
1151 1055 1380 1122 saltusque
1416 1071 1435 1102 1
1473 1056 1600 1105 haud

308 1122 407 1172 fine
435 1123 570 1171 clade
605 1122 832 1189 (majore
865 1138 1028 1170 tamen
1067 1121 1391 1187 jumentorum
1411 1161 1424 1183 ‚
1452 1124 1598 1189 quam

308 1190 560 1238 hominum
580 1227 594 1249 ‚
629 1192 839 1255 pernicie
862 1188 884 1255 )
912 1189 1186 1255 superatus:
1212 1192 1324 1239 iude
1347 1193 1597 1252 montani,

306 1261 559 1324 pauciores
599 1255 726 1321 jam,
763 1258 814 1305 ὃ(
849 1257 1085 1306 latrocinii
1120 1261 1271 1325 magis
1305 1258 1447 1325 quam
1482 1259 1599 1308 belli

304 1344 442 1375 more
479 1325 848 1385 concursabant,
884 1326 1035 1374 modo
1074 1329 1121 1374 in
1162 1329 1399 1391 primum,
1439 1327 1594 1375 modo

300 1395 363 1442 in‘
391 1393 698 1443 noviffimum
742 1408 946 1459 agmen,
975 1411 1002 1441 2
1037 1406 1295 1459 utcumque
1334 1408 1412 1443 aut
1462 1395 1597 1443 locus

301 1464 717 1528 opportunitatem
758 1462 921 1521 daret,
957 1474 1035 1508 aut
1082 1461 1309 1528 progressi
1356 1464 1597 1511 morative

303 1531 512 1596 aliquam
532 1530 837 1577 occasionem
862 1527 1090 1577 fecissent.
1121 1543 1142 1594 3
1169 1530 1456 1596 Elephanti,
1481 1527 1597 1579 ficut

303 1599 573 1663 praecipites
599 1615 684 1663 per
716 1596 860 1644 arelas
888 1598 989 1645 vias
1015 1596 1189 1663 magna
1217 1599 1355 1646 mora
1385 1597 1592 1663 ageban-

298 1680 377 1713 tur
397 1706 407 1723 ,
431 1667 497 1714 ita
522 1681 683 1724 tutum
715 1665 773 1712 ab
810 1662 1017 1711 hostibus
1053 1682 1354 1731 quacumque
1394 1664 1593 1714 incede-

301 1750 410 1783 rent
471 1732 492 1800 (
524 1735 633 1799 quia
674 1731 868 1781 insuetis
907 1733 1114 1780 adeundi
1173 1735 1373 1800 propius
1432 1747 1591 1782 metus

333 1857 352 1886 1
375 1844 588 1897 Haudfitze
605 1844 717 1883 clade
734 1872 744 1892 ,
768 1844 912 1898 majore
973 1843 1094 1885 iidem
1123 1844 1201 1885 hoc
1223 1844 1420 1885 commodi
1441 1843 1588 1885 affere·

298 1919 427 1947 tamen
453 1906 712 1958 jumentorum
752 1934 762 1952 ‚
801 1905 911 1959 qucim
974 1907 1092 1956 bant,
1111 1905 1217 1959 quod
1246 1920 1495 1960 quacumque
1524 1907 1587 1946 in-

298 1968 489 2008 hominum
506 1966 680 2022 pernicIe
701 1967 716 2020 ]
743 1967 910 2006 Redun·
973 1968 1321 2014 cederent‚tutum
1334 1982 1474 2022 agmen
1488 1982 1589 2021 prae·

295 2031 364 2069 dat
389 2028 453 2068 hic
470 2043 548 2067 vox
562 2028 749 2082 pernicie.
778 2027 911 2068 Potest
971 2029 1131 2070 herent.
1170 2027 1318 2069 Melicis
1340 2040 1471 2068 tamen
1503 2043 1584 2069 vox

296 2091 402 2130 enim
423 2089 553 2142 repeti
578 2103 626 2129 ex
642 2090 909 2143 praecedenti-
966 2089 1184 2143 praecipites
1203 2090 1410 2130 videretur
1441 2090 1585 2129 referri

296 2153 369 2192 bus
392 2151 518 2192 clade.
971 2151 1020 2189 ad
1042 2152 1120 2190 vias
1136 2179 1146 2198 ‚
1174 2154 1288 2204 quam
1305 2152 1351 2190 ad
1388 2152 1583 2203 elephan-

359 2227 384 2253 2
407 2212 650 2267 Utcumque]
671 2210 812 2252 Prout.
969 2220 1050 2252 tos.
1079 2211 1274 2266 Legamus
1306 2226 1402 2266 ergo
1423 2226 1432 2251 :
1469 2212 1583 2251 Sicut

362 2283 381 2325 3
402 2272 643 2327 Elephanti,
657 2271 903 2326 ficutpraect'-
966 2287 1040 2326 per
1057 2273 1179 2312 araas
1200 2273 1235 2311 δ’
1253 2274 1470 2328 praecipites
1485 2301 1495 2319 ‚
1514 2273 1582 2312 vel

290 2335 394 2390 pites
404 2349 476 2389 per
493 2334 614 2373 aretas
631 2334 715 2372 vias
735 2337 749 2386 ]
771 2333 905 2373 Possu-
964 2331 1255 2387 praecipitesque
1284 2335 1384 2374 vias.
1417 2333 1518 2373 Sane
1539 2334 1580 2373 ln

280 2389 378 2436 ¹mus
390 2395 440 2436 fic
454 2408 658 2448 exponere
670 2408 679 2434 :
691 2394 903 2447 Elephanti
966 2396 1124 2449 vulgata
1140 2395 1309 2434 leflione
1329 2395 1428 2434 haud
1443 2395 1579 2448 expri-

290 2457 430 2512 magnii
465 2456 623 2510 quidem
657 2454 772 2494 mora
806 2470 902 2510 age·
966 2456 1107 2501 mitur,
1142 2470 1210 2495 cur
1226 2456 1430 2509 elephanti
1455 2470 1577 2510 agan·

290 2519 434 2558 bantur
452 2545 461 2562 ,
481 2528 623 2572 utpote
642 2516 865 2570 praecipites
887 2543 898 2563 ‚
957 2516 1026 2556 ‘tur
1043 2517 1284 2570 praecipites.
1305 2518 1380 2557 Via
1395 2517 1496 2556 enim
1512 2530 1575 2556 ar-

288 2579 328 2619 id
359 2580 412 2619 est
433 2607 442 2626 ‚
464 2580 687 2632 pendentes
706 2578 897 2630 quodam·
962 2578 1018 2617 &a
1055 2577 1131 2618 effe
1153 2577 1292 2618 eadem
1311 2579 1349 2620 St
1368 2579 1479 2632 plana
1497 2591 1575 2631 po-

282 2642 412 2681 'modo
432 2638 645 2693 &jamjam
676 2638 819 2678 casuris
849 2637 896 2677 si-
959 2638 1047 2681 test.

285 2703 424 2751 miles,
461 2715 535 2756 per
566 2700 689 2741 arflas
721 2699 819 2742 vias.
842 2699 896 2740 At
