1675 3083
353 135 708 198 LIBER
790 141 1068 206 XXV.
1200 166 1350 233 ‘337

64 371 212 422 atque
237 365 359 413 intra
386 371 589 432 parietes
618 372 934 422 abolebantur
958 375 1166 428 Romani
1195 385 1310 433 ritus
1333 403 1347 444 ;

63 422 147 473 sed
175 429 221 476 in
246 435 438 495 publico
469 439 613 485 etiam
645 457 697 486 ac
727 440 837 489 foro
860 441 1208 512 Capitolioque
1239 468 1347 502 mu-

61 490 230 543 lierum
257 501 394 548 turba
423 518 554 563 erat,
584 522 673 553 nec
696 506 1055 558 sacrificantium
1074 549 1087 570 ‚
1120 531 1210 563 nec
1234 536 1347 582 pre—

61 563 269 617 cantium
302 567 420 616 deos
451 571 606 634 patrio
641 589 795 624 more.
829 575 1085 627 Sacrificuli
1118 598 1172 629 ac
1207 601 1342 636 vates

55 638 287 692 ceperant
317 634 568 686 hominum
596 655 815 699 mente53
842 652 1054 709 vquorum
1083 664 1339 701 numerum
1413 711 1417 713 Α

54 697 188 743 auxit
213 697 377 749 rustica
401 704 536 768 plebs
556 742 572 764 ,
603 723 662 756 ex
688 710 873 759 incultis
898 712 1083 763 diutino
1108 714 1242 766 bello
1269 721 1343 768 in.-

54 757 276 830 festisque
310 771 429 835 agris
462 771 670 838 egestate
693 775 747 823 &
775 794 907 827 metu
933 781 979 827 in
1011 783 1176 831 urbem
1206 802 1341 835 com·

53 829 185 892 pulsa
203 870 217 892 ‚
249 834 298 882 &
317 837 513 900 quaestus
537 857 598 887 ex
619 841 779 891 alieno
804 862 966 895 errore
987 846 1136 898 facilis
1155 888 1167 911 ‚
1194 869 1338 917 quem

52 897 188 946 velut
221 915 280 947 ex·
317 903 544 953 concessae
580 911 690 955 artis
719 910 799 958 usu
829 916 1137 966 exercebant.
1177 918 1337 971 Primo

49 960 241 1014 secretae
269 968 510 1020 bonorum
538 975 894 1041 indignationes
928 985 1334 1040 exaudiebantur:

51 1028 228 1082 deinde
252 1049 279 1100 3
319 1037 378 1085 ad
404 1038 566 1089 Patres
598 1047 739 1091 etiam
774 1047 825 1094 διε
857 1048 916 1095 ad
945 1051 1186 1115 publicam
1218 1074 1340 1122 que-

45 1098 300 1151 rimoniam
336 1106 530 1157 exceffit
560 1126 652 1159 reS.
688 1111 887 1162 Incusati
923 1123 1130 1182 graviter
1158 1122 1218 1170 ab
1252 1124 1331 1173 se·

45 1180 160 1215 natu
191 1171 353 1221 aediles
377 1191 408 1234 4
431 1176 757 1244 triumvirique
785 1184 1043 1247 capitales,
1074 1189 1204 1252 qubd
1233 1209 1332 1243 non

42 1235 387 1301 prohiberent,
412 1259 558 1306 quum
585 1260 816 1297 emovere
844 1266 949 1298 earn
977 1254 1330 1309 multitudinem

44 1314 76 1347 e
104 1300 214 1353 foro
237 1342 251 1364 ‚
286 1325 341 1355 ac
372 1307 590 1372 disjicere
622 1329 872 1379 apparatus
901 1317 1140 1371 sacrorum
1169 1331 1329 1378 conati

37 1366 192 1418 essent
215 1409 230 1431 ,
251 1372 376 1423 haud
417 1379 588 1441 procul
622 1381 812 1442 abfuit,
856 1387 970 1451 quin
1015 1391 1330 1446 violarentur.

0 1462 1 1466 =
45 1433 148 1485 Ubi
191 1443 432 1505 potentius
477 1443 574 1508 jam
615 1447 707 1497 effe
751 1451 799 1498 id
843 1455 1022 1503 malum
1064 1463 1283 1524 apparuit

40 1504 189 1569 quem
230 1522 282 1557 ut
321 1512 530 1560 minores
575 1531 662 1579 per
697 1518 992 1584 magistratus
1030 1524 1270 1576 sedaretur
1311 1567 1328 1590 ‚

0 1596 2 1606 ι
43 1570 119 1622 Μ.
159 1575 315 1624 Atilio
358 1581 552 1643 praetori
599 1583 724 1632 urbis
771 1591 1020 1653 negotium
1063 1594 1121 1642 ab
1162 1595 1328 1646 senatu

0 1664 2 1676 ·
37 1639 203 1694 datum
243 1642 310 1693 est
333 1680 349 1705 ‚
386 1660 438 1694 ut
470 1648 540 1696 his
579 1652 888 1719 religionibus
925 1660 1164 1725 populum
1198 1663 1328 1713 libe-

94 1754 126 1798 3
164 1745 233 1785 Ad
264 1747 405 1790 Patres
425 1780 435 1790 .
455 1781 467 1792 .
491 1781 502 1793 .
526 1753 564 1794 6·
599 1757 651 1795 ad
713 1758 766 1799 Hi
782 1760 1026 1816 magistratus
1054 1774 1167 1805 erant
1189 1766 1326 1808 suffra-

67 1806 232 1847 ublicam
250 1813 524 1863 querimoniam
542 1842 554 1862 ,
576 1831 650 1857 ex·
711 1821 786 1875 giis
805 1825 943 1876 populi
973 1826 1096 1865 creati
1116 1853 1126 1872 ,
1172 1829 1238 1880 qui
1272 1831 1325 1870 de

34 1881 80 1907 ce
113 1880 144 1907 τε
154 1868 240 1919 res]
261 1868 322 1910 Εὸ
342 1873 505 1914 exceffit
520 1889 649 1928 res,ut
709 1882 914 1924 maleficiis
948 1886 988 1926 ὃς
1022 1886 1235 1929 sceleribus
1255 1904 1326 1931 co-

0 1950 2 1958 ·
36 1926 116 1982 jam
129 1928 267 1971 Patres
280 1932 318 1971 in
339 1946 424 1973 eam
445 1935 646 1990 inquirere
710 1943 964 1997 gnoscetent.
985 1947 1160 2006 Multum
1179 1950 1227 1990 de
1250 1965 1325 1991 eo·

0 1991 4 2026 '.
35 1988 77 2029 se
88 1990 242 2031 debere
259 1993 536 2045 existimarent,
552 2013 647 2052 que·
708 2018 793 2044 turn
810 2006 1005 2057 potestate
1020 2008 1237 2050 detraftum
1250 2013 1319 2062 est,

0 2073 5 2084 ι
37 2062 303 2106 retentusque
324 2055 373 2095 de
389 2070 443 2097 ea
460 2067 644 2113 tanquam
707 2066 927 2107 constitutis
960 2068 1062 2108 circa
1083 2084 1226 2111 annum
1259 2089 1322 2113 ut·-

0 2142 6 2152 .
35 2111 86 2151 ad
102 2115 386 2166 rempublicam
401 2120 644 2170 pertinente.
706 2126 764 2166 his
783 2129 956 2168 conditae
977 2129 1079 2170 608.
1095 2132 1321 2185 quaestioni-

81 2187 139 2213 aec
185 2176 430 2228 querimonia
474 2194 643 2224 vocatur
706 2187 778 2227 bus
796 2191 1015 2242 perpetuis,
1030 2192 1134 2232 Tum
1148 2195 1250 2234 enim
1267 2196 1317 2235 de

35 2233 192 2289 publica
211 2264 224 2281 ‚
247 2247 329 2278 tum
355 2240 443 2293 quia
460 2255 543 2282 non
562 2242 640 2296 jam
703 2248 888 2291 viliffimis
934 2250 1021 2291 fere
1062 2254 1315 2308 hominibus,

0 2314 4 2325 .
35 2298 56 2336 ὲ
74 2295 238 2349 privatis
258 2326 270 2343 ,
292 2299 357 2339 sed
381 2303 401 2340 ὲ
419 2311 508 2342 toto
527 2303 641 2345 sena·
705 2308 856 2351 furibus
873 2311 1071 2367 servisque
1085 2343 1096 2363 ,
1114 2314 1319 2367 judicave-

35 2356 434 2410 tuproficiscebatur;
457 2375 540 2405 tum
552 2367 640 2420 quia
702 2383 747 2410 re
771 2372 820 2410 ad
840 2373 1064 2414 columnam
1091 2376 1281 2417 Maeniam
1302 2406 1314 2425 ,

35 2418 82 2458 ad
118 2418 348 2471 reipublicae
381 2424 501 2465 decus
535 2437 638 2468 tran·
702 2431 752 2471 de
782 2447 855 2485 qua
904 2436 1093 2488 frequens
1135 2441 1314 2484 occurrit

35 2478 349 2535 quillitatemque
424 2486 636 2538 speflabat.
699 2494 805 2546 apud
825 2495 1039 2549 scriptores
1057 2499 1224 2542 mentio.
1259 2501 1314 2540 Ii-

0 2555 5 2565 ·
36 2539 190 2580 Confer
212 2541 343 2582 locum
366 2546 480 2598 plane
510 2551 636 2603 gerni·
700 2554 789 2603 dem
826 2558 977 2597 carceri
1002 2573 1199 2612 praeerant
1221 2590 1232 2609 ,
1269 2563 1312 2604 ὅ(

37 2613 121 2645 num
140 2629 151 2648 ‚
170 2603 199 2643 l.
232 2603 305 2647 IV.
327 2620 361 2644 c.
384 2618 453 2658 30.
699 2614 885 2669 supplicia
907 2619 955 2659 de
976 2620 1107 2661 noxiis
1126 2622 1312 2664 sumenda

91 2677 120 2710 4
140 2663 382 2714 Triumviri..
405 2669 596 2726 capitales
615 2673 633 2727 ]
697 2679 905 2720 curabant.

96 2724 227 2770 Teme
262 2725 354 2775 III.
394 2732 396 2734 “
1041 2738 1077 2788 Ρ

1312 1502 1331 1524 2

62 225 169 272 'tem
201 224 419 290 inceflit‚
454 247 506 284 ut
538 248 617 284 aut
645 235 866 289 homines
887 278 902 301 ‚
939 257 1019 293 aut
1055 243 1118 293 dii
1146 252 1348 313 repente
1373 259 1560 314 {Le-539·

53 290 144 338 ,alii
172 295 451 347 viderentur
479 301 586 351 fasti
616 322 628 351 :
657 323 745 354 nec
775 305 870 371 jam
900 311 947 356 in
979 311 1164 361 secreto
1196 319 1346 368 modo
1372 315 1560 370 2·C·2¹3·
