<?xml version="1.0" encoding="UTF-8"?>
<!DOCTYPE html PUBLIC "-//W3C//DTD XHTML 1.0 Transitional//EN"
    "http://www.w3.org/TR/xhtml1/DTD/xhtml1-transitional.dtd">
<html xmlns="http://www.w3.org/1999/xhtml" xml:lang="en" lang="en">
 <head>
  <title>
</title>
<meta http-equiv="Content-Type" content="text/html;charset=utf-8" />
  <meta name='ocr-system' content='tesseract 3.04.00' />
  <meta name='ocr-capabilities' content='ocr_page ocr_carea ocr_par ocr_line ocrx_word'/>
</head>
<body>
  <div class='ocr_page' id='page_1' title='image "./tliviipatavinihi0201livy_0248.png"; bbox 0 0 1684 3088; ppageno 0'>
   <div class='ocr_carea' id='block_1_1' title="bbox 354 120 1370 198">
    <p class='ocr_par' dir='ltr' id='par_1_1' title="bbox 354 120 1370 198">
     <span class='ocr_line' id='line_1_1' title="bbox 354 120 1370 198; baseline 0.009 -19"><span class='ocrx_word' id='word_1_1' title='bbox 354 142 470 198; x_wconf 76' lang='lat'><strong>240</strong></span> <span class='ocrx_word' id='word_1_2' title='bbox 680 120 1370 189; x_wconf 78' lang='lat' dir='ltr'>T1T1L1v-1--1</span> 
     </span>
    </p>
   </div>
   <div class='ocr_carea' id='block_1_2' title="bbox 134 216 1671 2453">
    <p class='ocr_par' dir='ltr' id='par_1_2' title="bbox 134 216 1643 427">
     <span class='ocr_line' id='line_1_2' title="bbox 134 216 1643 295; baseline 0.01 -31"><span class='ocrx_word' id='word_1_3' title='bbox 134 216 328 278; x_wconf 48' lang='lat' dir='ltr'><strong>“U-9537·</strong></span> <span class='ocrx_word' id='word_1_4' title='bbox 351 220 569 288; x_wconf 84' lang='lat' dir='ltr'>auspiciis</span> <span class='ocrx_word' id='word_1_5' title='bbox 610 225 887 289; x_wconf 85' lang='lat' dir='ltr'><strong>repetendis</strong></span> <span class='ocrx_word' id='word_1_6' title='bbox 909 263 926 284; x_wconf 93' lang='lat'>‚</span> <span class='ocrx_word' id='word_1_7' title='bbox 965 226 1078 276; x_wconf 88' lang='lat' dir='ltr'><strong>dein</strong></span> <span class='ocrx_word' id='word_1_8' title='bbox 1114 228 1343 294; x_wconf 85' lang='lat' dir='ltr'><strong>prodigiis</strong></span> <span class='ocrx_word' id='word_1_9' title='bbox 1367 265 1382 290; x_wconf 84' lang='lat'>‚</span> <span class='ocrx_word' id='word_1_10' title='bbox 1415 244 1519 295; x_wconf 83' lang='lat' dir='ltr'><strong>quae</strong></span> <span class='ocrx_word' id='word_1_11' title='bbox 1552 229 1643 279; x_wconf 63' lang='lat' dir='ltr'><strong>aliz!</strong></span> 
     </span>
     <span class='ocr_line' id='line_1_3' title="bbox 142 272 1643 363; baseline 0.007 -27"><span class='ocrx_word' id='word_1_12' title='bbox 142 272 489 355; x_wconf 42' lang='lat' dir='ltr'><strong>²·ss·²²5·super</strong></span> <span class='ocrx_word' id='word_1_13' title='bbox 529 291 619 339; x_wconf 85' lang='lat' dir='ltr'><strong>alia</strong></span> <span class='ocrx_word' id='word_1_14' title='bbox 655 293 1032 354; x_wconf 79' lang='lat' dir='ltr'>nuntiabantur,</span> <span class='ocrx_word' id='word_1_15' title='bbox 1073 296 1381 363; x_wconf 87' lang='lat' dir='ltr'><strong>expiantique</strong></span> <span class='ocrx_word' id='word_1_16' title='bbox 1419 313 1477 346; x_wconf 83' lang='lat' dir='ltr'><strong>ea</strong></span> <span class='ocrx_word' id='word_1_17' title='bbox 1513 297 1643 348; x_wconf 84' lang='lat' dir='ltr'><strong>haud</strong></span> 
     </span>
     <span class='ocr_line' id='line_1_4' title="bbox 348 356 1306 427; baseline 0.008 -22"><span class='ocrx_word' id='word_1_18' title='bbox 348 356 488 407; x_wconf 73' lang='lat' dir='ltr'><strong>facile</strong></span> <span class='ocrx_word' id='word_1_19' title='bbox 518 359 641 406; x_wconf 88' lang='lat' dir='ltr'><strong>litari</strong></span> <span class='ocrx_word' id='word_1_20' title='bbox 668 359 903 425; x_wconf 85' lang='lat' dir='ltr'><strong>aruspices</strong></span> <span class='ocrx_word' id='word_1_21' title='bbox 932 361 1306 427; x_wconf 81' lang='lat' dir='ltr'><strong>respondebant.</strong></span> 
     </span>
    </p>

    <p class='ocr_par' dir='ltr' id='par_1_3' title="bbox 340 423 1669 1310">
     <span class='ocr_line' id='line_1_5' title="bbox 412 423 1643 495; baseline 0.007 -23"><span class='ocrx_word' id='word_1_22' title='bbox 412 423 676 476; x_wconf 86' lang='lat' dir='ltr'>XXXVII.</span> <span class='ocrx_word' id='word_1_23' title='bbox 703 428 794 475; x_wconf 82' lang='lat' dir='ltr'><strong>Hae</strong></span> <span class='ocrx_word' id='word_1_24' title='bbox 821 427 967 476; x_wconf 85' lang='lat' dir='ltr'><strong>causae</strong></span> <span class='ocrx_word' id='word_1_25' title='bbox 989 447 1135 495; x_wconf 82' lang='lat' dir='ltr'><strong>quum</strong></span> <span class='ocrx_word' id='word_1_26' title='bbox 1159 428 1360 480; x_wconf 89' lang='lat' dir='ltr'><strong>Fabium</strong></span> <span class='ocrx_word' id='word_1_27' title='bbox 1387 442 1643 494; x_wconf 59' lang='lat' dir='ltr'><strong>tenerentg</strong></span> 
     </span>
     <span class='ocr_line' id='line_1_6' title="bbox 340 491 1642 565; baseline 0.005 -22"><span class='ocrx_word' id='word_1_28' title='bbox 340 491 660 558; x_wconf 80' lang='lat' dir='ltr'><strong>Sempronius</strong></span> <span class='ocrx_word' id='word_1_29' title='bbox 684 497 732 542; x_wconf 90' lang='lat' dir='ltr'><strong>in</strong></span> <span class='ocrx_word' id='word_1_30' title='bbox 763 494 1013 546; x_wconf 80' lang='lat' dir='ltr'><strong>obsidione</strong></span> <span class='ocrx_word' id='word_1_31' title='bbox 1039 512 1140 547; x_wconf 88' lang='lat' dir='ltr'><strong>erat</strong></span> <span class='ocrx_word' id='word_1_32' title='bbox 1158 534 1174 558; x_wconf 83' lang='lat'><strong><em>‚</em></strong></span> <span class='ocrx_word' id='word_1_33' title='bbox 1204 498 1255 547; x_wconf 92' lang='lat'>&amp;</span> <span class='ocrx_word' id='word_1_34' title='bbox 1283 496 1380 562; x_wconf 83' lang='lat' dir='ltr'><strong>jam</strong></span> <span class='ocrx_word' id='word_1_35' title='bbox 1411 499 1642 565; x_wconf 83' lang='lat' dir='ltr'><strong>operibus</strong></span> 
     </span>
     <span class='ocr_line' id='line_1_7' title="bbox 340 553 1644 633; baseline 0.005 -24"><span class='ocrx_word' id='word_1_36' title='bbox 340 563 720 628; x_wconf 85' lang='lat' dir='ltr'><strong>oppugnabatur</strong></span> <span class='ocrx_word' id='word_1_37' title='bbox 747 579 758 610; x_wconf 74' lang='grc' dir='ltr'>ε</span> <span class='ocrx_word' id='word_1_38' title='bbox 783 563 1018 612; x_wconf 68' lang='lat' dir='ltr'><strong>adversus</strong></span> <span class='ocrx_word' id='word_1_39' title='bbox 1044 566 1253 632; x_wconf 82' lang='lat' dir='ltr'><strong>ligneam</strong></span> <span class='ocrx_word' id='word_1_40' title='bbox 1276 568 1524 633; x_wconf 79' lang='lat' dir='ltr'><strong>ingentem</strong></span> <span class='ocrx_word' id='word_1_41' title='bbox 1555 553 1644 615; x_wconf 87' lang='lat' dir='ltr'><strong>ad·</strong></span> 
     </span>
     <span class='ocr_line' id='line_1_8' title="bbox 346 630 1642 699; baseline 0.004 -21"><span class='ocrx_word' id='word_1_42' title='bbox 346 645 533 678; x_wconf 84' lang='lat' dir='ltr'><strong>motam</strong></span> <span class='ocrx_word' id='word_1_43' title='bbox 567 630 714 688; x_wconf 87' lang='lat' dir='ltr'><strong>urbi,</strong></span> <span class='ocrx_word' id='word_1_44' title='bbox 758 631 899 678; x_wconf 84' lang='lat' dir='ltr'><strong>aliam</strong></span> <span class='ocrx_word' id='word_1_45' title='bbox 929 645 1107 681; x_wconf 87' lang='lat' dir='ltr'><strong>turrem</strong></span> <span class='ocrx_word' id='word_1_46' title='bbox 1148 649 1207 681; x_wconf 86' lang='lat' dir='ltr'><strong>ex</strong></span> <span class='ocrx_word' id='word_1_47' title='bbox 1239 634 1342 699; x_wconf 88' lang='lat' dir='ltr'><strong>ipso</strong></span> <span class='ocrx_word' id='word_1_48' title='bbox 1377 651 1516 684; x_wconf 86' lang='lat' dir='ltr'><strong>muro</strong></span> <span class='ocrx_word' id='word_1_49' title='bbox 1554 651 1642 683; x_wconf 82' lang='lat' dir='ltr'><strong>ex-</strong></span> 
     </span>
     <span class='ocr_line' id='line_1_9' title="bbox 348 696 1644 767; baseline 0.005 -23"><span class='ocrx_word' id='word_1_50' title='bbox 348 698 514 746; x_wconf 83' lang='lat' dir='ltr'><strong>citavit</strong></span> <span class='ocrx_word' id='word_1_51' title='bbox 556 696 718 746; x_wconf 85' lang='lat' dir='ltr'><strong>consul</strong></span> <span class='ocrx_word' id='word_1_52' title='bbox 753 697 1003 747; x_wconf 82' lang='lat' dir='ltr'><strong>Romanus</strong></span> <span class='ocrx_word' id='word_1_53' title='bbox 1025 736 1041 758; x_wconf 79' lang='grc'><strong><em>,</em></strong></span> <span class='ocrx_word' id='word_1_54' title='bbox 1088 700 1336 767; x_wconf 70' lang='lat' dir='ltr'><strong>aliquanto</strong></span> <span class='ocrx_word' id='word_1_55' title='bbox 1373 702 1592 751; x_wconf 88' lang='lat' dir='ltr'><strong>altiorem</strong></span> <span class='ocrx_word' id='word_1_56' title='bbox 1625 718 1644 762; x_wconf 86' lang='lat'>;</span> 
     </span>
     <span class='ocr_line' id='line_1_10' title="bbox 352 763 1646 832; baseline 0.006 -22"><span class='ocrx_word' id='word_1_57' title='bbox 352 766 462 829; x_wconf 79' lang='lat' dir='ltr'><strong>quia</strong></span> <span class='ocrx_word' id='word_1_58' title='bbox 492 781 630 813; x_wconf 88' lang='lat' dir='ltr'><strong>muro</strong></span> <span class='ocrx_word' id='word_1_59' title='bbox 659 763 764 814; x_wconf 82' lang='lat' dir='ltr'><strong>satis</strong></span> <span class='ocrx_word' id='word_1_60' title='bbox 795 783 883 832; x_wconf 90' lang='lat' dir='ltr'><strong>per</strong></span> <span class='ocrx_word' id='word_1_61' title='bbox 914 766 960 816; x_wconf 89' lang='lat' dir='ltr'><strong>se</strong></span> <span class='ocrx_word' id='word_1_62' title='bbox 990 768 1090 817; x_wconf 87' lang='lat' dir='ltr'><strong>alto</strong></span> <span class='ocrx_word' id='word_1_63' title='bbox 1128 767 1347 832; x_wconf 74' lang='lat' dir='ltr'><strong>subjeffis</strong></span> <span class='ocrx_word' id='word_1_64' title='bbox 1374 769 1545 819; x_wconf 84' lang='lat' dir='ltr'><strong>validis</strong></span> <span class='ocrx_word' id='word_1_65' title='bbox 1575 769 1646 818; x_wconf 84' lang='lat' dir='ltr'><strong>su·</strong></span> 
     </span>
     <span class='ocr_line' id='line_1_11' title="bbox 351 831 1669 902; baseline 0.008 -24"><span class='ocrx_word' id='word_1_66' title='bbox 351 832 486 879; x_wconf 83' lang='lat' dir='ltr'><strong>blicis</strong></span> <span class='ocrx_word' id='word_1_67' title='bbox 515 850 605 897; x_wconf 91' lang='lat' dir='ltr'><strong>pro</strong></span> <span class='ocrx_word' id='word_1_68' title='bbox 641 831 745 882; x_wconf 92' lang='lat' dir='ltr'><strong>solo</strong></span> <span class='ocrx_word' id='word_1_69' title='bbox 781 833 885 882; x_wconf 87' lang='lat' dir='ltr'><strong>usus</strong></span> <span class='ocrx_word' id='word_1_70' title='bbox 919 850 1020 884; x_wconf 90' lang='lat' dir='ltr'><strong>erat</strong></span> <span class='ocrx_word' id='word_1_71' title='bbox 1049 853 1060 882; x_wconf 75' lang='grc' dir='ltr'>ε</span> <span class='ocrx_word' id='word_1_72' title='bbox 1097 836 1210 885; x_wconf 84' lang='lat' dir='ltr'><strong>inde</strong></span> <span class='ocrx_word' id='word_1_73' title='bbox 1245 837 1453 902; x_wconf 65' lang='lat' dir='ltr'><strong>primum</strong></span> <span class='ocrx_word' id='word_1_74' title='bbox 1487 837 1605 886; x_wconf 84' lang='lat' dir='ltr'><strong>saxis</strong></span> <span class='ocrx_word' id='word_1_75' title='bbox 1628 873 1669 898; x_wconf 85' lang='grc'><strong>,,</strong></span> 
     </span>
     <span class='ocr_line' id='line_1_12' title="bbox 341 898 1658 972; baseline 0.005 -25"><span class='ocrx_word' id='word_1_76' title='bbox 341 898 628 966; x_wconf 76' lang='lat' dir='ltr'><strong>sudibusque</strong></span> <span class='ocrx_word' id='word_1_77' title='bbox 652 938 667 961; x_wconf 88' lang='lat'>‚</span> <span class='ocrx_word' id='word_1_78' title='bbox 707 902 759 950; x_wconf 89' lang='lat'>&amp;</span> <span class='ocrx_word' id='word_1_79' title='bbox 789 903 961 951; x_wconf 85' lang='lat' dir='ltr'><strong>ceteris</strong></span> <span class='ocrx_word' id='word_1_80' title='bbox 988 902 1231 952; x_wconf 86' lang='lat' dir='ltr'><strong>miffilibus</strong></span> <span class='ocrx_word' id='word_1_81' title='bbox 1259 919 1658 972; x_wconf 84' lang='lat' dir='ltr'><strong>propugnatores·</strong></span> 
     </span>
     <span class='ocr_line' id='line_1_13' title="bbox 347 969 1647 1038; baseline 0.005 -23"><span class='ocrx_word' id='word_1_82' title='bbox 347 969 529 1016; x_wconf 85' lang='lat' dir='ltr'><strong>moenia</strong></span> <span class='ocrx_word' id='word_1_83' title='bbox 558 982 702 1034; x_wconf 87' lang='lat' dir='ltr'><strong>atque</strong></span> <span class='ocrx_word' id='word_1_84' title='bbox 733 969 901 1018; x_wconf 85' lang='lat' dir='ltr'><strong>urbem</strong></span> <span class='ocrx_word' id='word_1_85' title='bbox 923 970 1212 1019; x_wconf 85' lang='lat' dir='ltr'><strong>tuebantur:</strong></span> <span class='ocrx_word' id='word_1_86' title='bbox 1243 971 1489 1038; x_wconf 78' lang='lat' dir='ltr'><strong>postremo</strong></span> <span class='ocrx_word' id='word_1_87' title='bbox 1515 1010 1529 1033; x_wconf 87' lang='lat'><strong>,</strong></span> <span class='ocrx_word' id='word_1_88' title='bbox 1562 973 1647 1022; x_wconf 88' lang='lat' dir='ltr'><strong>ubi</strong></span> 
     </span>
     <span class='ocr_line' id='line_1_14' title="bbox 354 1034 1645 1100; baseline 0.004 -17"><span class='ocrx_word' id='word_1_89' title='bbox 354 1050 376 1083; x_wconf 66' lang='grc' dir='ltr'>ι</span> <span class='ocrx_word' id='word_1_90' title='bbox 415 1035 759 1100; x_wconf 82' lang='lat' dir='ltr'><strong>promovendo</strong></span> <span class='ocrx_word' id='word_1_91' title='bbox 793 1034 1065 1099; x_wconf 56' lang='lat' dir='ltr'><strong>adju-nfitam</strong></span> <span class='ocrx_word' id='word_1_92' title='bbox 1100 1055 1239 1088; x_wconf 88' lang='lat' dir='ltr'><strong>muro</strong></span> <span class='ocrx_word' id='word_1_93' title='bbox 1273 1040 1498 1090; x_wconf 82' lang='lat' dir='ltr'><strong>viderunt</strong></span> <span class='ocrx_word' id='word_1_94' title='bbox 1534 1052 1645 1088; x_wconf 81' lang='lat' dir='ltr'><strong>tur-</strong></span> 
     </span>
     <span class='ocr_line' id='line_1_15' title="bbox 348 1101 1665 1172; baseline 0.005 -22"><span class='ocrx_word' id='word_1_95' title='bbox 348 1117 453 1151; x_wconf 87' lang='lat' dir='ltr'><strong>rem</strong></span> <span class='ocrx_word' id='word_1_96' title='bbox 472 1140 487 1162; x_wconf 86' lang='lat'>,</span> <span class='ocrx_word' id='word_1_97' title='bbox 515 1101 698 1152; x_wconf 87' lang='lat' dir='ltr'><strong>facibus</strong></span> <span class='ocrx_word' id='word_1_98' title='bbox 727 1105 1003 1153; x_wconf 83' lang='lat' dir='ltr'><strong>ardentibus</strong></span> <span class='ocrx_word' id='word_1_99' title='bbox 1027 1105 1286 1170; x_wconf 86' lang='lat' dir='ltr'><strong>plurimum</strong></span> <span class='ocrx_word' id='word_1_100' title='bbox 1318 1107 1453 1156; x_wconf 88' lang='lat' dir='ltr'><strong>simul</strong></span> <span class='ocrx_word' id='word_1_101' title='bbox 1481 1109 1665 1172; x_wconf 51' lang='lat' dir='ltr'><strong>ignem¹</strong></span> 
     </span>
     <span class='ocr_line' id='line_1_16' title="bbox 348 1167 1666 1239; baseline 0.005 -21"><span class='ocrx_word' id='word_1_102' title='bbox 348 1167 664 1233; x_wconf 72' lang='lat' dir='ltr'><strong>conjecerunt</strong></span> <span class='ocrx_word' id='word_1_103' title='bbox 691 1188 704 1220; x_wconf 74' lang='grc' dir='ltr'>ε</span> <span class='ocrx_word' id='word_1_104' title='bbox 734 1190 834 1238; x_wconf 86' lang='lat' dir='ltr'><strong>quo</strong></span> <span class='ocrx_word' id='word_1_105' title='bbox 865 1174 1095 1222; x_wconf 86' lang='lat' dir='ltr'><strong>incendio</strong></span> <span class='ocrx_word' id='word_1_106' title='bbox 1132 1175 1321 1239; x_wconf 88' lang='lat' dir='ltr'><strong>trepida</strong></span> <span class='ocrx_word' id='word_1_107' title='bbox 1353 1190 1666 1226; x_wconf 70' lang='lat' dir='ltr'><strong>armatorumt</strong></span> 
     </span>
     <span class='ocr_line' id='line_1_17' title="bbox 348 1238 1669 1310; baseline 0.007 -25"><span class='ocrx_word' id='word_1_108' title='bbox 348 1238 610 1289; x_wconf 85' lang='lat' dir='ltr'><strong>multitudo</strong></span> <span class='ocrx_word' id='word_1_109' title='bbox 658 1257 807 1306; x_wconf 86' lang='lat' dir='ltr'><strong>quum</strong></span> <span class='ocrx_word' id='word_1_110' title='bbox 847 1241 908 1290; x_wconf 90' lang='lat' dir='ltr'><strong>de</strong></span> <span class='ocrx_word' id='word_1_111' title='bbox 957 1256 1083 1290; x_wconf 87' lang='lat' dir='ltr'><strong>turre</strong></span> <span class='ocrx_word' id='word_1_112' title='bbox 1130 1241 1225 1291; x_wconf 87' lang='lat' dir='ltr'><strong>sese</strong></span> <span class='ocrx_word' id='word_1_113' title='bbox 1273 1245 1590 1310; x_wconf 86' lang='lat' dir='ltr'><strong>praecipitaret</strong></span> <span class='ocrx_word' id='word_1_114' title='bbox 1626 1249 1669 1304; x_wconf 54' lang='grc' dir='ltr'><strong>’,Ἀ</strong></span> 
     </span>
    </p>

    <p class='ocr_par' dir='ltr' id='par_1_4' title="bbox 147 1306 1671 1580">
     <span class='ocr_line' id='line_1_18' title="bbox 163 1306 1671 1376; baseline 0.002 -19"><span class='ocrx_word' id='word_1_115' title='bbox 163 1310 333 1373; x_wconf 65' lang='lat' dir='ltr'><strong>Eruptio</strong></span> <span class='ocrx_word' id='word_1_116' title='bbox 352 1308 545 1371; x_wconf 86' lang='lat' dir='ltr'><strong>eruptio</strong></span> <span class='ocrx_word' id='word_1_117' title='bbox 578 1323 637 1356; x_wconf 85' lang='lat' dir='ltr'><strong>ex</strong></span> <span class='ocrx_word' id='word_1_118' title='bbox 673 1307 865 1374; x_wconf 90' lang='lat' dir='ltr'><strong>‘oppido</strong></span> <span class='ocrx_word' id='word_1_119' title='bbox 894 1306 1030 1358; x_wconf 83' lang='lat' dir='ltr'><strong>simul</strong></span> <span class='ocrx_word' id='word_1_120' title='bbox 1064 1309 1244 1358; x_wconf 87' lang='lat' dir='ltr'><strong>duabus</strong></span> <span class='ocrx_word' id='word_1_121' title='bbox 1286 1313 1435 1376; x_wconf 90' lang='lat' dir='ltr'><strong>portis</strong></span> <span class='ocrx_word' id='word_1_122' title='bbox 1477 1310 1671 1360; x_wconf 80' lang='lat' dir='ltr'><strong>statio--</strong></span> 
     </span>
     <span class='ocr_line' id='line_1_19' title="bbox 147 1373 1650 1443; baseline 0.004 -24"><span class='ocrx_word' id='word_1_123' title='bbox 147 1376 333 1421; x_wconf 73' lang='lat' dir='ltr'><strong>Gracchi.</strong></span> <span class='ocrx_word' id='word_1_124' title='bbox 353 1389 439 1422; x_wconf 88' lang='lat' dir='ltr'><strong>nes</strong></span> <span class='ocrx_word' id='word_1_125' title='bbox 471 1373 678 1423; x_wconf 86' lang='lat' dir='ltr'><strong>hostium</strong></span> <span class='ocrx_word' id='word_1_126' title='bbox 709 1374 865 1436; x_wconf 86' lang='lat' dir='ltr'><strong>fudit,</strong></span> <span class='ocrx_word' id='word_1_127' title='bbox 897 1374 1178 1443; x_wconf 85' lang='lat' dir='ltr'><strong>fugavitque</strong></span> <span class='ocrx_word' id='word_1_128' title='bbox 1206 1380 1254 1427; x_wconf 90' lang='lat' dir='ltr'><strong>in</strong></span> <span class='ocrx_word' id='word_1_129' title='bbox 1285 1377 1427 1427; x_wconf 89' lang='lat' dir='ltr'><strong>castra</strong></span> <span class='ocrx_word' id='word_1_130' title='bbox 1453 1395 1468 1437; x_wconf 89' lang='lat'>;</span> <span class='ocrx_word' id='word_1_131' title='bbox 1498 1395 1550 1428; x_wconf 89' lang='lat' dir='ltr'><strong>ut</strong></span> <span class='ocrx_word' id='word_1_132' title='bbox 1580 1395 1650 1429; x_wconf 86' lang='lat' dir='ltr'><strong>eo.</strong></span> 
     </span>
     <span class='ocr_line' id='line_1_20' title="bbox 351 1441 1645 1510; baseline 0.005 -20"><span class='ocrx_word' id='word_1_133' title='bbox 351 1441 431 1490; x_wconf 90' lang='lat' dir='ltr'><strong>die</strong></span> <span class='ocrx_word' id='word_1_134' title='bbox 455 1441 670 1503; x_wconf 84' lang='lat' dir='ltr'><strong>obsesso,</strong></span> <span class='ocrx_word' id='word_1_135' title='bbox 699 1443 843 1510; x_wconf 73' lang='lat' dir='ltr'><strong>quarn</strong></span> <span class='ocrx_word' id='word_1_136' title='bbox 874 1444 1145 1505; x_wconf 78' lang='lat' dir='ltr'><strong>obsidenti,</strong></span> <span class='ocrx_word' id='word_1_137' title='bbox 1177 1445 1372 1496; x_wconf 81' lang='lat' dir='ltr'><strong>similior</strong></span> <span class='ocrx_word' id='word_1_138' title='bbox 1394 1446 1508 1497; x_wconf 82' lang='lat' dir='ltr'><strong>effet</strong></span> <span class='ocrx_word' id='word_1_139' title='bbox 1532 1445 1645 1496; x_wconf 87' lang='lat' dir='ltr'><strong>Poe-</strong></span> 
     </span>
     <span class='ocr_line' id='line_1_21' title="bbox 350 1510 1661 1580; baseline 0.007 -23"><span class='ocrx_word' id='word_1_140' title='bbox 350 1526 457 1558; x_wconf 83' lang='lat' dir='ltr'><strong>nus.</strong></span> <span class='ocrx_word' id='word_1_141' title='bbox 492 1510 575 1558; x_wconf 91' lang='lat' dir='ltr'><strong>Ad</strong></span> <span class='ocrx_word' id='word_1_142' title='bbox 611 1511 741 1560; x_wconf 88' lang='lat' dir='ltr'><strong>mille</strong></span> <span class='ocrx_word' id='word_1_143' title='bbox 771 1513 977 1560; x_wconf 86' lang='lat' dir='ltr'><strong>trecenti</strong></span> <span class='ocrx_word' id='word_1_144' title='bbox 1007 1511 1471 1580; x_wconf 78' lang='lat' dir='ltr'><strong>Carthaginiensium</strong></span> <span class='ocrx_word' id='word_1_145' title='bbox 1502 1513 1605 1563; x_wconf 85' lang='lat' dir='ltr'><strong>caesi</strong></span> <span class='ocrx_word' id='word_1_146' title='bbox 1627 1551 1661 1576; x_wconf 84' lang='grc'><strong>,,</strong></span> 
     </span>
    </p>

    <p class='ocr_par' dir='ltr' id='par_1_5' title="bbox 353 1576 1661 1647">
     <span class='ocr_line' id='line_1_22' title="bbox 353 1576 1661 1647; baseline 0.005 -22"><span class='ocrx_word' id='word_1_147' title='bbox 353 1576 408 1625; x_wconf 85' lang='lat'>&amp;</span> <span class='ocrx_word' id='word_1_148' title='bbox 437 1576 814 1645; x_wconf 80' lang='lat' dir='ltr'><strong>undesexaginta</strong></span> <span class='ocrx_word' id='word_1_149' title='bbox 846 1580 949 1629; x_wconf 86' lang='lat' dir='ltr'><strong>vivi</strong></span> <span class='ocrx_word' id='word_1_150' title='bbox 979 1581 1106 1646; x_wconf 89' lang='lat' dir='ltr'><strong>capti</strong></span> <span class='ocrx_word' id='word_1_151' title='bbox 1129 1619 1145 1642; x_wconf 86' lang='lat'>‚</span> <span class='ocrx_word' id='word_1_152' title='bbox 1179 1583 1260 1647; x_wconf 84' lang='lat' dir='ltr'><strong>qui</strong></span> <span class='ocrx_word' id='word_1_153' title='bbox 1281 1619 1299 1642; x_wconf 86' lang='lat'>,</span> <span class='ocrx_word' id='word_1_154' title='bbox 1331 1582 1452 1631; x_wconf 87' lang='lat' dir='ltr'><strong>circa</strong></span> <span class='ocrx_word' id='word_1_155' title='bbox 1481 1599 1661 1633; x_wconf 58' lang='lat' dir='ltr'><strong>muros</strong></span> 
     </span>
    </p>

    <p class='ocr_par' dir='ltr' id='par_1_6' title="bbox 355 1643 1648 1717">
     <span class='ocr_line' id='line_1_23' title="bbox 355 1643 1648 1717; baseline 0.005 -23"><span class='ocrx_word' id='word_1_156' title='bbox 355 1645 411 1694; x_wconf 66' lang='grc' dir='ltr'><strong>ὃ(</strong></span> <span class='ocrx_word' id='word_1_157' title='bbox 452 1646 502 1693; x_wconf 88' lang='lat' dir='ltr'><strong>in</strong></span> <span class='ocrx_word' id='word_1_158' title='bbox 543 1643 823 1696; x_wconf 88' lang='lat' dir='ltr'><strong>stationibus</strong></span> <span class='ocrx_word' id='word_1_159' title='bbox 863 1646 1018 1696; x_wconf 72' lang='lat' dir='ltr'><strong>solute</strong></span> <span class='ocrx_word' id='word_1_160' title='bbox 1058 1666 1115 1696; x_wconf 88' lang='lat' dir='ltr'><strong>ac</strong></span> <span class='ocrx_word' id='word_1_161' title='bbox 1154 1649 1454 1716; x_wconf 79' lang='lat' dir='ltr'><strong>negligenter</strong></span> <span class='ocrx_word' id='word_1_162' title='bbox 1490 1649 1648 1717; x_wconf 45' lang='lat' dir='ltr'><strong>agen*-</strong></span> 
     </span>
    </p>

    <p class='ocr_par' dir='ltr' id='par_1_7' title="bbox 352 1714 1656 1782">
     <span class='ocr_line' id='line_1_24' title="bbox 352 1714 1656 1782; baseline 0.005 -21"><span class='ocrx_word' id='word_1_163' title='bbox 352 1725 427 1761; x_wconf 83' lang='lat' dir='ltr'><strong>tes</strong></span> <span class='ocrx_word' id='word_1_164' title='bbox 455 1749 469 1771; x_wconf 90' lang='lat'><em>,</em></span> <span class='ocrx_word' id='word_1_165' title='bbox 513 1729 660 1778; x_wconf 87' lang='lat' dir='ltr'><strong>quum</strong></span> <span class='ocrx_word' id='word_1_166' title='bbox 704 1714 821 1763; x_wconf 88' lang='lat' dir='ltr'><strong>nihil</strong></span> <span class='ocrx_word' id='word_1_167' title='bbox 859 1715 1017 1764; x_wconf 85' lang='lat' dir='ltr'><strong>minus</strong></span> <span class='ocrx_word' id='word_1_168' title='bbox 1052 1714 1198 1782; x_wconf 70' lang='lat' dir='ltr'><strong>quarn</strong></span> <span class='ocrx_word' id='word_1_169' title='bbox 1244 1719 1553 1781; x_wconf 78' lang='lat' dir='ltr'><strong>eruptionem</strong></span> <span class='ocrx_word' id='word_1_170' title='bbox 1586 1719 1656 1767; x_wconf 69' lang='lat' dir='ltr'><strong>ti·</strong></span> 
     </span>
    </p>

    <p class='ocr_par' dir='ltr' id='par_1_8' title="bbox 351 1779 1647 1850">
     <span class='ocr_line' id='line_1_25' title="bbox 351 1779 1647 1850; baseline 0.004 -21"><span class='ocrx_word' id='word_1_171' title='bbox 351 1779 607 1841; x_wconf 56' lang='lat' dir='ltr'><strong>munient,</strong></span> <span class='ocrx_word' id='word_1_172' title='bbox 639 1799 698 1831; x_wconf 79' lang='lat' dir='ltr'><strong>ex</strong></span> <span class='ocrx_word' id='word_1_173' title='bbox 727 1783 990 1848; x_wconf 83' lang='lat' dir='ltr'><strong>improviso</strong></span> <span class='ocrx_word' id='word_1_174' title='bbox 1020 1782 1232 1850; x_wconf 79' lang='lat' dir='ltr'><strong>oppreffi</strong></span> <span class='ocrx_word' id='word_1_175' title='bbox 1259 1783 1463 1844; x_wconf 84' lang='lat' dir='ltr'><strong>fuerant.</strong></span> <span class='ocrx_word' id='word_1_176' title='bbox 1493 1783 1647 1834; x_wconf 87' lang='lat' dir='ltr'><strong>Grac-</strong></span> 
     </span>
    </p>

    <p class='ocr_par' dir='ltr' id='par_1_9' title="bbox 353 1847 1659 1919">
     <span class='ocr_line' id='line_1_26' title="bbox 353 1847 1659 1919; baseline 0.007 -24"><span class='ocrx_word' id='word_1_177' title='bbox 353 1847 468 1895; x_wconf 86' lang='lat' dir='ltr'><strong>chus</strong></span> <span class='ocrx_word' id='word_1_178' title='bbox 490 1884 505 1907; x_wconf 87' lang='lat'>,</span> <span class='ocrx_word' id='word_1_179' title='bbox 534 1849 804 1916; x_wconf 84' lang='lat' dir='ltr'><strong>priusquam</strong></span> <span class='ocrx_word' id='word_1_180' title='bbox 837 1848 883 1899; x_wconf 88' lang='lat' dir='ltr'><strong>se</strong></span> <span class='ocrx_word' id='word_1_181' title='bbox 907 1849 1064 1899; x_wconf 87' lang='lat' dir='ltr'><strong>hostes</strong></span> <span class='ocrx_word' id='word_1_182' title='bbox 1093 1852 1152 1900; x_wconf 87' lang='lat' dir='ltr'><strong>ab</strong></span> <span class='ocrx_word' id='word_1_183' title='bbox 1186 1855 1439 1916; x_wconf 85' lang='lat' dir='ltr'><strong>repentino</strong></span> <span class='ocrx_word' id='word_1_184' title='bbox 1465 1869 1659 1919; x_wconf 61' lang='lat' dir='ltr'><strong>pavor&amp;</strong></span> 
     </span>
    </p>

    <p class='ocr_par' dir='ltr' id='par_1_10' title="bbox 148 1915 1660 2453">
     <span class='ocr_line' id='line_1_27' title="bbox 353 1915 1648 1985; baseline 0.005 -22"><span class='ocrx_word' id='word_1_185' title='bbox 353 1915 641 1982; x_wconf 78' lang='lat' dir='ltr'><strong>colligerent</strong></span> <span class='ocrx_word' id='word_1_186' title='bbox 662 1954 676 1976; x_wconf 88' lang='lat'>,</span> <span class='ocrx_word' id='word_1_187' title='bbox 707 1920 921 1984; x_wconf 86' lang='lat' dir='ltr'><strong>receptui</strong></span> <span class='ocrx_word' id='word_1_188' title='bbox 947 1917 1131 1985; x_wconf 87' lang='lat' dir='ltr'><strong>signum</strong></span> <span class='ocrx_word' id='word_1_189' title='bbox 1164 1919 1298 1969; x_wconf 89' lang='lat' dir='ltr'><strong>dedit</strong></span> <span class='ocrx_word' id='word_1_190' title='bbox 1318 1958 1332 1979; x_wconf 91' lang='lat'><strong>‚</strong></span> <span class='ocrx_word' id='word_1_191' title='bbox 1359 1939 1413 1969; x_wconf 90' lang='lat' dir='ltr'><strong>ac</strong></span> <span class='ocrx_word' id='word_1_192' title='bbox 1442 1921 1546 1970; x_wconf 90' lang='lat' dir='ltr'><strong>suos</strong></span> <span class='ocrx_word' id='word_1_193' title='bbox 1577 1923 1648 1970; x_wconf 89' lang='lat' dir='ltr'><strong>in·-</strong></span> 
     </span>
     <span class='ocr_line' id='line_1_28' title="bbox 170 1983 1645 2051; baseline 0.006 -23"><span class='ocrx_word' id='word_1_194' title='bbox 170 1983 338 2029; x_wconf 77' lang='lat' dir='ltr'><strong>Recedit</strong></span> <span class='ocrx_word' id='word_1_195' title='bbox 354 1995 427 2031; x_wconf 88' lang='lat' dir='ltr'><strong>tra</strong></span> <span class='ocrx_word' id='word_1_196' title='bbox 453 2000 619 2033; x_wconf 87' lang='lat' dir='ltr'><strong>muros</strong></span> <span class='ocrx_word' id='word_1_197' title='bbox 643 1986 844 2051; x_wconf 82' lang='lat' dir='ltr'><strong>recepit.</strong></span> <span class='ocrx_word' id='word_1_198' title='bbox 871 1985 1066 2035; x_wconf 87' lang='lat' dir='ltr'><strong>Postero</strong></span> <span class='ocrx_word' id='word_1_199' title='bbox 1093 1986 1170 2036; x_wconf 89' lang='lat' dir='ltr'><strong>die</strong></span> <span class='ocrx_word' id='word_1_200' title='bbox 1194 1987 1441 2048; x_wconf 85' lang='lat' dir='ltr'><strong>Annibal,</strong></span> <span class='ocrx_word' id='word_1_201' title='bbox 1470 1989 1645 2049; x_wconf 85' lang='lat' dir='ltr'><strong>elatum</strong></span> 
     </span>
     <span class='ocr_line' id='line_1_29' title="bbox 150 2047 1646 2118; baseline 0.005 -21"><span class='ocrx_word' id='word_1_202' title='bbox 150 2047 321 2115; x_wconf 61' lang='grc' dir='ltr'><em>ὰθυζηὶδ</em></span> <span class='ocrx_word' id='word_1_203' title='bbox 359 2049 564 2100; x_wconf 66' lang='lat' dir='ltr'><strong>secunda</strong></span> <span class='ocrx_word' id='word_1_204' title='bbox 592 2069 642 2101; x_wconf 90' lang='lat' dir='ltr'><strong>re</strong></span> <span class='ocrx_word' id='word_1_205' title='bbox 680 2052 923 2102; x_wconf 86' lang='lat' dir='ltr'><strong>consulem</strong></span> <span class='ocrx_word' id='word_1_206' title='bbox 954 2052 1076 2118; x_wconf 83' lang='lat' dir='ltr'><strong>justo</strong></span> <span class='ocrx_word' id='word_1_207' title='bbox 1119 2055 1294 2116; x_wconf 77' lang='lat' dir='ltr'><strong>proelio</strong></span> <span class='ocrx_word' id='word_1_208' title='bbox 1329 2070 1454 2104; x_wconf 89' lang='lat' dir='ltr'><strong>ratus</strong></span> <span class='ocrx_word' id='word_1_209' title='bbox 1490 2071 1646 2105; x_wconf 88' lang='lat' dir='ltr'><strong>certa-</strong></span> 
     </span>
     <span class='ocr_line' id='line_1_30' title="bbox 148 2107 1646 2186; baseline 0.005 -21"><span class='ocrx_word' id='word_1_210' title='bbox 148 2107 520 2167; x_wconf 60' lang='lat' dir='ltr'><strong>-24‘2&#39;21b‘210turum</strong></span> <span class='ocrx_word' id='word_1_211' title='bbox 542 2156 556 2179; x_wconf 88' lang='lat'>‚</span> <span class='ocrx_word' id='word_1_212' title='bbox 590 2121 745 2170; x_wconf 89' lang='lat' dir='ltr'><strong>aciem</strong></span> <span class='ocrx_word' id='word_1_213' title='bbox 772 2123 897 2170; x_wconf 88' lang='lat' dir='ltr'><strong>inter</strong></span> <span class='ocrx_word' id='word_1_214' title='bbox 926 2120 1072 2170; x_wconf 88' lang='lat' dir='ltr'><strong>castra</strong></span> <span class='ocrx_word' id='word_1_215' title='bbox 1105 2137 1248 2186; x_wconf 82' lang='lat' dir='ltr'><strong>atque</strong></span> <span class='ocrx_word' id='word_1_216' title='bbox 1281 2124 1449 2173; x_wconf 87' lang='lat' dir='ltr'><strong>urbem</strong></span> <span class='ocrx_word' id='word_1_217' title='bbox 1482 2121 1646 2172; x_wconf 86' lang='lat' dir='ltr'><strong>instru-</strong></span> 
     </span>
     <span class='ocr_line' id='line_1_31' title="bbox 357 2187 1642 2255; baseline 0.005 -21"><span class='ocrx_word' id='word_1_218' title='bbox 357 2189 425 2234; x_wconf 83' lang='lat' dir='ltr'><strong>xit</strong></span> <span class='ocrx_word' id='word_1_219' title='bbox 461 2203 472 2234; x_wconf 90' lang='lat'>:</span> <span class='ocrx_word' id='word_1_220' title='bbox 509 2200 724 2236; x_wconf 89' lang='lat' dir='ltr'><strong>ceterum</strong></span> <span class='ocrx_word' id='word_1_221' title='bbox 769 2187 1023 2255; x_wconf 84' lang='lat' dir='ltr'><strong>postquam</strong></span> <span class='ocrx_word' id='word_1_222' title='bbox 1063 2192 1308 2239; x_wconf 87' lang='lat' dir='ltr'><strong>neminem</strong></span> <span class='ocrx_word' id='word_1_223' title='bbox 1355 2192 1545 2240; x_wconf 82' lang='lat' dir='ltr'><strong>moveri</strong></span> <span class='ocrx_word' id='word_1_224' title='bbox 1582 2190 1642 2240; x_wconf 86' lang='lat' dir='ltr'><strong>ab</strong></span> 
     </span>
     <span class='ocr_line' id='line_1_32' title="bbox 356 2252 1659 2324; baseline 0.003 -22"><span class='ocrx_word' id='word_1_225' title='bbox 356 2252 494 2303; x_wconf 81' lang='lat' dir='ltr'><strong>solita</strong></span> <span class='ocrx_word' id='word_1_226' title='bbox 521 2253 734 2304; x_wconf 80' lang='lat' dir='ltr'><strong>custodia</strong></span> <span class='ocrx_word' id='word_1_227' title='bbox 767 2256 895 2304; x_wconf 79' lang='lat' dir='ltr'><strong>urbis</strong></span> <span class='ocrx_word' id='word_1_228' title='bbox 921 2256 1042 2305; x_wconf 88' lang='lat' dir='ltr'><strong>vidit</strong></span> <span class='ocrx_word' id='word_1_229' title='bbox 1062 2294 1077 2316; x_wconf 88' lang='lat'>‚</span> <span class='ocrx_word' id='word_1_230' title='bbox 1111 2274 1202 2305; x_wconf 90' lang='lat' dir='ltr'><strong>nec</strong></span> <span class='ocrx_word' id='word_1_231' title='bbox 1235 2260 1468 2307; x_wconf 88' lang='lat' dir='ltr'><strong>committi</strong></span> <span class='ocrx_word' id='word_1_232' title='bbox 1499 2259 1659 2324; x_wconf 71' lang='lat' dir='ltr'><strong>quid·</strong></span> 
     </span>
     <span class='ocr_line' id='line_1_33' title="bbox 361 2323 1644 2389; baseline 0.004 -20"><span class='ocrx_word' id='word_1_233' title='bbox 361 2337 508 2388; x_wconf 87' lang='lat' dir='ltr'><strong>quam</strong></span> <span class='ocrx_word' id='word_1_234' title='bbox 545 2324 810 2372; x_wconf 75' lang='lat' dir='ltr'><strong>temerariae</strong></span> <span class='ocrx_word' id='word_1_235' title='bbox 850 2323 993 2389; x_wconf 88' lang='lat' dir='ltr'><strong>spei,</strong></span> <span class='ocrx_word' id='word_1_236' title='bbox 1033 2324 1093 2373; x_wconf 87' lang='lat' dir='ltr'><strong>ad</strong></span> <span class='ocrx_word' id='word_1_237' title='bbox 1122 2323 1284 2374; x_wconf 89' lang='lat' dir='ltr'><strong>Tifata</strong></span> <span class='ocrx_word' id='word_1_238' title='bbox 1317 2327 1442 2376; x_wconf 87' lang='lat' dir='ltr'><strong>red-it</strong></span> <span class='ocrx_word' id='word_1_239' title='bbox 1473 2324 1644 2375; x_wconf 55' lang='lat' dir='ltr'><strong>infensi</strong></span> 
     </span>
     <span class='ocr_line' id='line_1_34' title="bbox 361 2386 1660 2453; baseline 0.003 -15"><span class='ocrx_word' id='word_1_240' title='bbox 361 2405 433 2439; x_wconf 86' lang='lat' dir='ltr'><strong>re.</strong></span> <span class='ocrx_word' id='word_1_241' title='bbox 476 2386 672 2453; x_wconf 84' lang='lat' dir='ltr'><strong>Quibus</strong></span> <span class='ocrx_word' id='word_1_242' title='bbox 707 2391 878 2440; x_wconf 90' lang='lat' dir='ltr'><strong>diebus</strong></span> <span class='ocrx_word' id='word_1_243' title='bbox 918 2389 1089 2440; x_wconf 81' lang='lat' dir='ltr'><strong>Cumae</strong></span> <span class='ocrx_word' id='word_1_244' title='bbox 1124 2392 1336 2442; x_wconf 78' lang='lat' dir='ltr'><strong>liberatae</strong></span> <span class='ocrx_word' id='word_1_245' title='bbox 1370 2394 1474 2443; x_wconf 87' lang='lat' dir='ltr'><strong>sunt</strong></span> <span class='ocrx_word' id='word_1_246' title='bbox 1513 2392 1660 2442; x_wconf 73' lang='lat' dir='ltr'><strong>obfi-</strong></span> 
     </span>
    </p>
   </div>
   <div class='ocr_carea' id='block_1_3' title="bbox 363 2473 1657 2720">
    <p class='ocr_par' dir='ltr' id='par_1_11' title="bbox 363 2473 1657 2535">
     <span class='ocr_line' id='line_1_35' title="bbox 363 2473 1657 2535; baseline 0.004 -20"><span class='ocrx_word' id='word_1_247' title='bbox 363 2473 563 2529; x_wconf 85' lang='lat' dir='ltr'><strong>proficisci</strong></span> <span class='ocrx_word' id='word_1_248' title='bbox 582 2476 738 2517; x_wconf 71' lang='lat' dir='ltr'><strong>necesse</strong></span> <span class='ocrx_word' id='word_1_249' title='bbox 759 2487 860 2519; x_wconf 85' lang='lat' dir='ltr'><strong>erat.</strong></span> <span class='ocrx_word' id='word_1_250' title='bbox 875 2478 975 2521; x_wconf 88' lang='lat' dir='ltr'><strong>Vid.</strong></span> <span class='ocrx_word' id='word_1_251' title='bbox 1042 2477 1293 2521; x_wconf 75' lang='lat' dir='ltr'><strong>Get-andium</strong></span> <span class='ocrx_word' id='word_1_252' title='bbox 1327 2480 1392 2522; x_wconf 84' lang='lat' dir='ltr'><strong>hic</strong></span> <span class='ocrx_word' id='word_1_253' title='bbox 1423 2479 1564 2535; x_wconf 71' lang='lat' dir='ltr'><strong>paffive</strong></span> <span class='ocrx_word' id='word_1_254' title='bbox 1587 2479 1657 2520; x_wconf 68' lang='lat' dir='ltr'><strong>su·⁴</strong></span> 
     </span>
    </p>

    <p class='ocr_par' dir='ltr' id='par_1_12' title="bbox 367 2536 1651 2598">
     <span class='ocr_line' id='line_1_36' title="bbox 367 2536 1651 2598; baseline 0.009 -23"><span class='ocrx_word' id='word_1_255' title='bbox 367 2536 482 2589; x_wconf 77' lang='lat' dir='ltr'><strong>supra</strong></span> <span class='ocrx_word' id='word_1_256' title='bbox 515 2550 552 2577; x_wconf 86' lang='lat' dir='ltr'><strong>e.</strong></span> <span class='ocrx_word' id='word_1_257' title='bbox 594 2549 666 2593; x_wconf 73' lang='lat'><strong>19.</strong></span> <span class='ocrx_word' id='word_1_258' title='bbox 694 2538 735 2579; x_wconf 67' lang='grc' dir='ltr'>ἃ</span> <span class='ocrx_word' id='word_1_259' title='bbox 781 2540 808 2578; x_wconf 86' lang='lat' dir='ltr'><strong>l·</strong></span> <span class='ocrx_word' id='word_1_260' title='bbox 853 2540 974 2583; x_wconf 89' lang='lat' dir='ltr'><strong>VIII.</strong></span> <span class='ocrx_word' id='word_1_261' title='bbox 1039 2542 1157 2582; x_wconf 84' lang='lat' dir='ltr'><strong>mitur</strong></span> <span class='ocrx_word' id='word_1_262' title='bbox 1177 2556 1187 2582; x_wconf 77' lang='lat' dir='ltr'><strong>t</strong></span> <span class='ocrx_word' id='word_1_263' title='bbox 1207 2552 1250 2582; x_wconf 85' lang='lat' dir='ltr'><strong>ut</strong></span> <span class='ocrx_word' id='word_1_264' title='bbox 1276 2543 1305 2582; x_wconf 90' lang='lat' dir='ltr'><strong>l.</strong></span> <span class='ocrx_word' id='word_1_265' title='bbox 1329 2543 1386 2585; x_wconf 88' lang='lat' dir='ltr'><strong>V.</strong></span> <span class='ocrx_word' id='word_1_266' title='bbox 1409 2557 1445 2582; x_wconf 90' lang='lat' dir='ltr'><strong>c.</strong></span> <span class='ocrx_word' id='word_1_267' title='bbox 1464 2542 1517 2582; x_wconf 85' lang='lat'><strong>26</strong></span> <span class='ocrx_word' id='word_1_268' title='bbox 1538 2538 1651 2598; x_wconf 57' lang='lat' dir='ltr'><strong>diff‘ess.</strong></span> 
     </span>
    </p>

    <p class='ocr_par' dir='ltr' id='par_1_13' title="bbox 367 2603 1640 2720">
     <span class='ocr_line' id='line_1_37' title="bbox 367 2603 1640 2661; baseline 0.006 -23"><span class='ocrx_word' id='word_1_269' title='bbox 367 2610 409 2638; x_wconf 71' lang='grc' dir='ltr'><strong>ε.</strong></span> <span class='ocrx_word' id='word_1_270' title='bbox 432 2607 508 2648; x_wconf 70' lang='lat'><strong>30.</strong></span> <span class='ocrx_word' id='word_1_271' title='bbox 1038 2604 1159 2646; x_wconf 81' lang='lat' dir='ltr'><strong>tendo</strong></span> <span class='ocrx_word' id='word_1_272' title='bbox 1177 2603 1314 2646; x_wconf 83' lang='lat' dir='ltr'><strong>deinde</strong></span> <span class='ocrx_word' id='word_1_273' title='bbox 1335 2604 1507 2661; x_wconf 78' lang='lat' dir='ltr'><strong>elanguit</strong></span> <span class='ocrx_word' id='word_1_274' title='bbox 1524 2616 1598 2643; x_wconf 79' lang='lat' dir='ltr'><strong>res.</strong></span> <span class='ocrx_word' id='word_1_275' title='bbox 1633 2641 1640 2646; x_wconf 89' lang='lat'><em>.</em></span> 
     </span>
     <span class='ocr_line' id='line_1_38' title="bbox 403 2656 974 2720; baseline 0.007 -20"><span class='ocrx_word' id='word_1_276' title='bbox 403 2670 421 2700; x_wconf 71' lang='grc' dir='ltr'><strong><em>ι</em></strong></span> <span class='ocrx_word' id='word_1_277' title='bbox 439 2656 712 2702; x_wconf 75' lang='lat' dir='ltr'><strong>Promovendo</strong></span> <span class='ocrx_word' id='word_1_278' title='bbox 731 2661 974 2720; x_wconf 72' lang='lat' dir='ltr'><strong>adjunc‘z&#39;am]</strong></span> 
     </span>
    </p>
   </div>
   <div class='ocr_carea' id='block_1_4' title="bbox 1471 2715 1650 2783">
    <p class='ocr_par' dir='ltr' id='par_1_14' title="bbox 1471 2715 1650 2783">
     <span class='ocr_line' id='line_1_39' title="bbox 1471 2715 1650 2783; baseline -0.006 -12"><span class='ocrx_word' id='word_1_279' title='bbox 1471 2715 1650 2783; x_wconf 48' lang='lat' dir='ltr'><strong>dione}</strong></span> 
     </span>
    </p>
   </div>
   <div class='ocr_carea' id='block_1_5' title="bbox 1662 0 1684 3088">
    <p class='ocr_par' dir='ltr' id='par_1_15' title="bbox 1662 0 1684 3088">
     <span class='ocr_line' id='line_1_40' title="bbox 1662 0 1684 3088; baseline 0 0"><span class='ocrx_word' id='word_1_280' title='bbox 1662 0 1684 3088; x_wconf 95' lang='lat' dir='ltr'><strong> </strong></span> 
     </span>
    </p>
   </div>
  </div>
 </body>
</html>
