1684 3088
343 170 458 250 382
647 165 922 226 ΤῙΤῙ
1006 162 1351 221 L1v‘1'1

118 267 521 336 ³²U-5·540·gesta;
569 278 646 314 tot
687 278 787 312 tam
837 261 1058 328 opulenti
1103 258 1297 325 tyranni
1343 244 1631 323 regesque}

127 326 513 403 ³³4⁴·212·praeter
549 349 738 383 ceteros
761 331 922 379 Hiero
943 365 959 389 ,
991 345 1135 394 quum
1170 323 1500 375 recentiffimae
1529 338 1634 378 me-

335 405 508 454 moriae
551 419 634 452 rex
658 439 673 463 ,
713 417 815 450 tum
854 413 965 446 ante
1009 396 1208 453 omnia,
1256 410 1361 458 quae
1401 393 1547 441 virtus
1586 387 1632 440 ei

335 471 630 538 fortunaque
662 469 740 518 sua
775 466 1006 525 dederat,
1034 460 1282 512 beneficiis
1315 463 1363 508 in
1393 459 1631 525 populum

336 539 620 588 Romanum
646 535 853 602 insignis.
877 532 951 581 'Ea
982 549 1129 597 quum
1161 526 1378 579 universa
1410 542 1634 575 occurre-

338 623 448 656 rent
476 609 639 655 animo
658 642 673 666 ,
699 604 972 667 subiretque
999 600 1228 666 cogitatio
1246 633 1264 656 ,
1295 593 1391 659 jam
1420 596 1499 642 illa
1528 612 1634 643 mo-

338 689 509 725 mento
545 676 677 722 horae
714 670 869 720 arsura
907 669 1071 717 omnia
1093 704 1107 726 ,
1145 666 1197 713 &
1233 664 1294 711 ad
1333 661 1518 711 cineres
1554 678 1635 710 re-

338 744 534 800 ditura3
570 741 841 807 priusquam
876 735 1004 803 figna
1030 733 1360 783 Achradinam
1394 730 1635 778 admove-

329 825 413 859 ‘ret
435 847 450 869 ‚
479 810 726 875 praemittit
759 803 1083 871 Syracusanos
1110 839 1124 861 ,
1149 803 1230 867 qui
1263 800 1383 846 intra
1415 796 1631 864 praefidia

336 878 563 927 Romana
585 915 598 936 ‚
643 892 692 926 ut
725 875 835 923 ante
869 871 1044 920 dicium
1072 868 1174 926 est,
1218 867 1406 916 fuerant
1427 903 1441 925 ,
1472 880 1522 913 ut
1556 865 1633 912 al-

337 947 506 1013 loquio
550 945 648 993 leni
695 943 985 1010 perlicerent
1035 936 1196 987 hostes
1238 935 1300 983 ad
1354 933 1635 983 dedendam

329 1014 523 1062 urbem.

407 1078 576 1130 XXV.
631 1077 891 1128 Tenebant
927 1072 1215 1122 Achradinae
1250 1080 1413 1135 portas
1447 1065 1635 1116 murof-

331 1167 435 1218 -que
467 1147 678 1197 maxime
721 1143 981 1209 transfugae
1002 1179 1017 1202 ‚
1050 1142 1223 1209 quibus
1257 1137 1387 1185 nulla
1418 1150 1515 1184 erat
1546 1151 1634 1200 per

329 1218 648 1268 conditiones
685 1215 839 1264 veniae
877 1211 983 1277 spes
1018 1225 1033 1269 ;
1076 1210 1107 1256 ii
1138 1224 1228 1256 nec
1263 1205 1395 1252 adire
1423 1219 1585 1251 muros
1616 1239 1632 1262 ‚

339 1304 432 1336 nec
458 1286 640 1351 alloqui
667 1297 961 1348 quemquam
989 1275 1106 1343 paffi
1128 1292 1139 1323 :
1163 1276 1323 1340 itaque
1346 1270 1633 1330 Marcellus,

332 1353 596 1421 postquam
627 1351 676 1399 id
701 1352 969 1414 incoeptum
1000 1346 1185 1394 irritum
1215 1342 1334 1399 fuit,
1365 1339 1425 1388 ad
1447 1336 1635 1402 Eurya-

341 1425 444 1472 lum
470 1421 598 1488 figna
621 1419 786 1469 referri
817 1414 940 1477 iuffit
968 1431 978 1461 :
1004 1412 1215 1461 tumulus
1243 1406 1315 1458 est
1343 1410 1389 1455 in
1416 1420 1635 1455 extrema

339 1507 479 1558 parte
509 1488 637 1537 urbis
667 1505 686 1535 1
715 1484 876 1536 versus
904 1502 930 1531 a
959 1482 1107 1539 mari,
1153 1481 1343 1543 viaeque
1373 1475 1635 1522 imminens

334 1558 519 1608 ferenti
552 1559 600 1605 in
629 1572 768 1621 agros
803 1552 1250 1613 mediterraneaque
1282 1542 1439 1592 insulae
1460 1577 1481 1602 ›,
1514 1554 1635 1606 perv-

334 1624 606 1675 :commode
659 1622 770 1671 sttus
829 1620 890 1668 ad
940 1630 1247 1666 commeatus
1299 1609 1634 1676 excipiendos.

341 1695 554 1743 Praeerat
599 1691 709 1739 huic
761 1689 858 1737 arci
905 1684 1215 1734 Philodemus
1271 1680 1480 1745 Argivus
1511 1711 1527 1735 ‚
1574 1677 1636 1724 ab

341 1761 570 1828 Epicyde
598 1756 882 1824 impofitu53
909 1753 968 1802 ad
992 1768 1138 1819 quem
1164 1745 1322 1797 missus
1348 1765 1374 1794 a
1398 1744 1635 1794 Marcello

342 1829 477 1880 Sosis
500 1866 514 1889 ‚
545 1844 665 1876 unus
693 1842 752 1873 ex
779 1820 1165 1872 interfectoribus
1186 1815 1420 1882 tyranni,
1452 1816 1598 1878 quum
1620 1848 1637 1871 ,

346 1899 500 1964 longo
540 1895 761 1944 sermone
796 1892 962 1940 habito
988 1927 1002 1950 ‚
1043 1887 1214 1936 dilatus
1251 1899 1337 1947 per
1368 1880 1638 1929 frustratio-

345 1983 465 2017 nem
506 1962 655 2021 esset,
691 1959 849 2010 retulit
888 1956 1123 2006 Marcello
1146 1990 1161 2013 ‚
1196 1966 1388 2015 tempus
1423 1965 1533 1998 eum
1573 1946 1635 1995 ad

341 2031 713 2098 deliberandum
744 2024 999 2091 sum‘pfiffe.
1032 2023 1204 2087 Quum
1233 2021 1268 2067 is
1302 2018 1433 2066 diem
1462 2015 1523 2064 de
1557 2015 1637 2064 die

348 2099 564 2151 differret
587 2136 602 2159 ,
636 2098 749 2146 dum
778 2095 1099 2160 Hippocrates
1134 2103 1275 2151 atque
1304 2086 1518 2134 Himilco
1552 2082 1636 2130 ad-

342 2181 609 2220 moverent
644 2163 789 2214 castra
816 2162 1126 2229 legionesque
1150 2195 1163 2216 ,
1199 2154 1324 2203 haud
1348 2152 1525 2202 dubius
1551 2187 1563 2209 ‚
1600 2148 1635 2198 fi

340 2240 395 2287 in
419 2252 580 2285 arcem
606 2230 857 2298 accepisset
879 2247 965 2278 eos
983 2266 996 2288 ‚
1025 2226 1175 2275 deleri
1198 2224 1475 2271 Romanum
1499 2234 1640 2267 exer·

346 2308 497 2355 citum
517 2300 755 2351 'inclusum
784 2299 928 2347 muris
958 2293 1120 2364 poffe3
1143 2290 1402 2340 Marcellus
1428 2325 1441 2347 ‚
1469 2302 1520 2334 ut
1541 2284 1643 2333 Eu-

346 2373 540 2440 ryalum
573 2384 733 2435 neque
767 2367 888 2415 tradi
916 2403 929 2424 ,
971 2378 1129 2428 neque
1164 2361 1268 2424 capi
1305 2356 1422 2405 vidit
1462 2350 1593 2418 posse
1617 2388 1636 2412 ‚

350 2450 381 2491 '2
419 2442 545 2489 inter
579 2436 844 2503 Nea-polim
876 2434 929 2482 &
961 2430 1191 2497 Tycham
1231 2427 1251 2492 (
1280 2425 1478 2472 nomina
1519 2439 1636 2487 par-

408 2558 428 2587 1
449 2541 591 2598 Versus
608 2540 770 2594 amari]
808 2539 840 2578 A
862 2536 959 2576 mari
1022 2533 1111 2587 quia
1126 2531 1316 2585 postrema
1333 2525 1524 2567 aedificata
1544 2525 1636 2564 fue-

340 2605 506 2663 longius
527 2604 731 2645 discedens
754 2630 766 2648 ‚
795 2615 840 2639 ac
864 2614 957 2638 ver-
1020 2606 1112 2636 rat:
1141 2592 1296 2647 Tycha,
1316 2586 1421 2642 quod
1437 2588 1472 2626 in
1496 2601 1540 2626 ea
1573 2586 1636 2625 es·

344 2670 410 2709 sus
435 2671 473 2708 in
500 2667 787 2708 mediterranea
809 2661 957 2700 insulae.
1021 2657 1079 2697 set
1109 2651 1409 2706 anriquiffimum
1442 2649 1633 2688 Fortuna:

409 2741 434 2769 2
451 2728 560 2767 [mr
578 2717 790 2780 Neapolim
819 2723 854 2762 G·
878 2722 957 2775 Ty·
1017 2718 1168 2758 fanum.
1190 2713 1317 2754 Testis
1339 2711 1390 2751 est
1405 2710 1492 2751 Cic.
1513 2710 1539 2751 l.
1556 2707 1637 2750 W.

342 2790 478 2843 cham]
493 2788 687 2843 Neapolis
706 2786 754 2826 fic
769 2784 866 2826 dieta
884 2783 954 2828 est,
1019 2780 1060 2821 in
1080 2780 1200 2822 Verr.
1230 2790 1269 2816 n.
1286 2783 1413 2825 4119.
