1711 3078
268 165 631 222 LIBER
713 161 1068 222 XXIII
1176 180 1542 274 Ζιςυωζὸ

20 260 235 329 :benigne
255 261 579 312 contulerunt.
615 259 676 309 Et
695 260 870 310 Romae
908 278 1103 328 quoque
1125 279 1363 328 propter
1371 278 1464 320 (3
1447 276 1540 318 16,

15 332 282 408 penuriam
334 333 517 396 argenti
559 347 578 378 1
620 331 854 377 triumviri
904 330 1128 377 mensarii
1179 349 1326 398 roga·
1384 366 1544 406 Trium-

26 399 166 446 tione
192 397 266 446 M.
297 397 503 445 Minucii
525 397 698 445 tribuni
720 398 904 463 plebis,
927 396 1032 444 faui
1050 434 1062 455 ‚
1088 397 1143 445 L.
1165 399 1325 446 AEmi-
1350 427 1545 467 viamen-

23 465 118 514 lius
163 464 353 528 Papus,
402 466 481 530 qui
529 464 695 514 consul
738 464 1001 530 censorque
1053 464 1239 525 fuerat,
1273 468 1462 544 &sam

31 531 105 581 M.
130 531 303 581 Atilius
340 531 591 598 Regulus,
622 533 813 610 quibis
849 531 1014 582 consul
1051 532 1246 592 fuerat,
1277 534 1330 582 δὲ

29 598 90 648 L.
120 599 397 650 Scribonius
434 600 593 660 Libo,
619 601 712 666 qui
765 615 868 649 tum
915 600 1129 649 tribunus
1175 600 1331 664 plebis

20 682 148 717 erat.
200 667 258 716 Et
309 668 550 717 duumviri
588 670 735 717 creati
767 708 781 730 ‚
824 668 898 716 M.
941 668 994 716 &
1045 665 1105 716 C.
1147 666 1286 715 Atilii
1318 705 1334 727 ‚

31 735 188 785 aedem
230 734 533 786 Concordiae
564 774 578 794 ,
612 754 757 802 quam
806 736 857 786 L.
914 735 1125 784 Manlius
1155 750 1334 800 praetor

20 820 276 862 voverat,
300 804 661 853 dedicaverunt.
676 803 736 852 Et
765 818 859 854 tres
886 801 1138 868 pontifices
1169 804 1335 864 creati,

29 869 109 935 Q.
144 842 366 920 Caecilius
397 871 659 930 Metellus,
685 869 832 935 &Q.
857 870 1029 920 Fabius
1050 871 1338 931 Maximus,

24 938 86 988 &
128 937 198 1002 Q.
235 939 433 988 Fulvius
472 938 703 1000 Flaccus,
745 940 793 987 in
831 937 1067 987 locumP.
1104 937 1338 988 Scantinii

22 1005 272 1055 demortui
317 1044 334 1065 ,
387 1006 440 1055 &
473 1007 530 1057 L.
574 1005 754 1055 AEmilii
788 1005 937 1056 Paulli
996 1006 1236 1066 consulis,
1281 1007 1336 1056 &

31 1072 107 1140 Q.
138 1073 414 1135 AEliiPaeti,
454 1077 534 1142 qui
569 1076 842 1124 ceciderant
871 1091 1033 1140 pugna
1076 1072 1338 1124 Cannenfi.

103 1140 270 1192 XXII.
301 1143 471 1208 Quum
504 1160 702 1204 cetera,
730 1160 834 1209 quae
860 1144 1099 1191 continuis
1121 1143 1363 1206 cladibus

27 1207 227 1259 fortuna
271 1213 545 1272 minuerat,
596 1226 827 1278 quantum
882 1209 1087 1259 confiliis
1119 1211 1341 1259 humanis

26 1276 209 1343 ,assequi
249 1294 509 1344 poterant,
543 1279 703 1328 Patres
740 1277 1033 1357 expleffent3
1069 1280 1266 1327 tandem
1292 1278 1341 1328 se

16 1362 234 1411 *quoque
284 1348 332 1395 ὃ(
371 1346 680 1396 solitudinem
729 1349 903 1405 curiae,
946 1347 1341 1412 paucitatemque

31 1415 433 1463 convenientium
469 1415 531 1463 ad
564 1413 828 1494 'publicum
869 1413 1118 1462 confilium
1144 1415 1342 1481 ‚respe-

34 1497 249 1531 xerunt:
294 1481 454 1548 neque
497 1484 627 1531 enim
657 1481 763 1548 post
810 1481 867 1530 L.
900 1482 1151 1530 AEmilium
1187 1483 1240 1531 &
1274 1481 1340 1533 C.

33 1547 321 1599 Flaminium
350 1549 570 1600 censores
593 1549 780 1600 senatus
802 1548 948 1599 lectus
967 1548 1154 1609 fuerat,
1188 1568 1338 1617 quum

36 1630 220 1669 tantum
257 1617 532 1668 senatorum
574 1618 786 1668 adversae
820 1635 1026 1684 pugnae,
1049 1619 1109 1666 ad
1143 1619 1237 1667 hoc
1268 1618 1337 1668 sui

32 1701 278 1752 quemque
318 1686 455 1736 casus
498 1704 587 1753 per
619 1689 1007 1754 quinquennium
1044 1685 1334 1753 absumpsis-

32 1751 155 1802 Nsent
192 1754 362 1819 Quum
403 1756 466 1805 de
496 1772 551 1803 ea
577 1772 626 1805 re
661 1755 855 1804 Manius
877 1754 1176 1820 Pomponius
1208 1773 1334 1820 prae-

31 1834 143 1882 tor,
181 1822 410 1872 difiatore
441 1822 548 1889 post
571 1822 833 1873 Cafilinum
869 1821 1082 1871 amissum
1111 1823 1333 1887 profe&o

33 1882 132 1954 'jam
165 1891 224 1938 ad
255 1893 557 1950 exercitum,
592 1890 958 1957 exposcentibus
996 1890 1173 1940 cunclis
1212 1930 1226 1951 ‚
1257 1909 1335 1942 re-

37 1956 244 2018 tulisset3
276 1974 378 2007 tum
413 1959 496 2025 Sp.
541 1957 817 2038 Car-vilius,
867 1976 1013 2024 quum
1049 1959 1197 2025 longa
1226 1977 1337 2009 ora-

39 2025 173 2075 tione
210 2044 230 2074 1
279 2045 379 2075 non
427 1978 583 2076 solum
635 2028 886 2092 inopiam,
927 2025 1011 2075 sed
1045 2030 1339 2092 paucitatem

12 2094 188 2143 -etiam
213 2095 425 2151 civium.
462 2113 521 2145 ex
549 2094 757 2162 quibus
748 2113 797 2143 m
821 2094 983 2143 Patres
1019 2094 1297 2162 legerentur
1327 2135 1344 2159 ,

39 2160 328 2236 conquestus
368 2161 520 2213 effet·
509 2201 524 2222 ,
566 2163 797 2229 explendi
834 2162 1024 2211 senatus
1061 2165 1199 2213 caus-21
1239 2166 1344 2225 ,δι

29 2226 274 2297 jungendi
312 2230 479 2280 arctius
518 2231 676 2280 Latini
706 2233 949 2290 nom-ini5‚
981 2250 1008 2279 2
1035 2250 1124 2298 pro
1167 2250 1346 2301 magna

1358 1807 1468 1834 ratlff
1480 1802 1525 1838 cj'e

1359 1859 1555 1910 expffemz'o

1353 1922 1513 1971 Jenaeu.
1577 1912 1579 1914 ,

104 2343 124 2373 1
178 2332 386 2373 Triumvin
423 2332 655 2390 mensarii]
722 2335 840 2376 etiam
866 2334 1036 2376 civium:
1060 2348 1103 2377 ut
1135 2337 1341 2379 Carvilius

41 2390 142 2438 vid.
160 2393 272 2446 supril
292 2394 389 2441 VH.
411 2408 483 2435 21.
722 2408 917 2451 queratur
935 2425 946 2444 ,
981 2411 1061 2437 non
1094 2412 1246 2452 paucos
1280 2400 1348 2440 su·

107 2467 124 2495 1
143 2453 373 2508 Nonsolz'mz
387 2456 572 2511 inopiam,
585 2455 658 2511 sed
722 2458 878 2512 pereffe
893 2459 1026 2509 cives,
1039 2459 1106 2498 sed
1126 2459 1241 2513 plane
1257 2462 1350 2502 nul·

37 2516 297 2572 paucitatem}
317 2518 514 2558 Videmur
537 2547 548 2566 ,
569 2534 659 2561 mu-
723 2522 786 2561 los
813 2521 923 2575 ‚qui
964 2521 1016 2560 in
1051 2520 1228 2562 senatum
1264 2523 1349 2580 legi

42 2578 145 2618 tato
162 2578 330 2618 duorum
363 2593 510 2620 vocum
547 2581 663 2621 ordi·
724 2553 891 2637 possint.

41 2653 119 2686 ne,
146 2640 284 2694 legere
296 2641 473 2682 debere.
493 2640 628 2696 nonso
641 2664 664 2675 -
759 2657 785 2685 2
802 2643 885 2685 Pro
901 2657 1041 2700 magna
1058 2640 1270 2699 resuadere
1283 2643 1350 2684 di-

15 2743 17 2746 ,
38 2699 122 2750 liam
133 2705 386 2759 paucitatem,
396 2700 664 2762 sedinopiam
727 2705 829 2762 xit]
853 2706 973 2750 Dixit
1000 2705 1170 2751 suadete
1192 2706 1240 2750 se
1263 2717 1352 2749 tan·
