<?xml version="1.0" encoding="UTF-8"?>
<!DOCTYPE html PUBLIC "-//W3C//DTD XHTML 1.0 Transitional//EN"
    "http://www.w3.org/TR/xhtml1/DTD/xhtml1-transitional.dtd">
<html xmlns="http://www.w3.org/1999/xhtml" xml:lang="en" lang="en">
 <head>
  <title>
</title>
<meta http-equiv="Content-Type" content="text/html;charset=utf-8" />
  <meta name='ocr-system' content='tesseract 3.04.00' />
  <meta name='ocr-capabilities' content='ocr_page ocr_carea ocr_par ocr_line ocrx_word'/>
</head>
<body>
  <div class='ocr_page' id='page_1' title='image "./tliviipatavinihi0201livy_0039.png"; bbox 0 0 1726 3073; ppageno 0'>
   <div class='ocr_carea' id='block_1_1' title="bbox 426 138 1402 212">
    <p class='ocr_par' dir='ltr' id='par_1_1' title="bbox 426 138 1402 212">
     <span class='ocr_line' id='line_1_1' title="bbox 426 138 1402 212; baseline -0.008 -14"><span class='ocrx_word' id='word_1_1' title='bbox 426 142 778 198; x_wconf 77' lang='lat' dir='ltr'>LIBER</span> <span class='ocrx_word' id='word_1_2' title='bbox 861 138 1103 196; x_wconf 83' lang='lat' dir='ltr'>XXI.</span> <span class='ocrx_word' id='word_1_3' title='bbox 1336 153 1402 212; x_wconf 84' lang='lat'>31</span> 
     </span>
    </p>
   </div>
   <div class='ocr_carea' id='block_1_2' title="bbox 124 232 1639 2327">
    <p class='ocr_par' dir='ltr' id='par_1_2' title="bbox 125 232 1622 504">
     <span class='ocr_line' id='line_1_2' title="bbox 125 232 1622 294; baseline -0.006 -7"><span class='ocrx_word' id='word_1_4' title='bbox 125 237 271 287; x_wconf 77' lang='lat' dir='ltr'>haros</span> <span class='ocrx_word' id='word_1_5' title='bbox 307 239 518 286; x_wconf 88' lang='lat' dir='ltr'>manavit</span> <span class='ocrx_word' id='word_1_6' title='bbox 550 237 722 285; x_wconf 86' lang='lat' dir='ltr'>certior</span> <span class='ocrx_word' id='word_1_7' title='bbox 765 235 826 283; x_wconf 90' lang='lat' dir='ltr'>de</span> <span class='ocrx_word' id='word_1_8' title='bbox 858 233 989 282; x_wconf 90' lang='lat' dir='ltr'>bello</span> <span class='ocrx_word' id='word_1_9' title='bbox 1031 232 1258 282; x_wconf 83' lang='lat' dir='ltr'>Romano</span> <span class='ocrx_word' id='word_1_10' title='bbox 1278 270 1292 294; x_wconf 92' lang='lat'>,</span> <span class='ocrx_word' id='word_1_11' title='bbox 1323 233 1411 280; x_wconf 84' lang='lat' dir='ltr'>tria</span> <span class='ocrx_word' id='word_1_12' title='bbox 1432 242 1622 294; x_wconf 76' lang='lat' dir='ltr'>U‚c‚534.</span> 
     </span>
     <span class='ocr_line' id='line_1_3' title="bbox 133 296 1620 368; baseline -0.011 -15"><span class='ocrx_word' id='word_1_13' title='bbox 133 306 278 354; x_wconf 88' lang='lat' dir='ltr'>millia</span> <span class='ocrx_word' id='word_1_14' title='bbox 317 306 429 352; x_wconf 89' lang='lat' dir='ltr'>inde</span> <span class='ocrx_word' id='word_1_15' title='bbox 461 302 847 368; x_wconf 84' lang='lat' dir='ltr'>Carpetanorum</span> <span class='ocrx_word' id='word_1_16' title='bbox 893 301 1111 365; x_wconf 89' lang='lat' dir='ltr'>peditum</span> <span class='ocrx_word' id='word_1_17' title='bbox 1144 302 1232 347; x_wconf 83' lang='lat' dir='ltr'>iter</span> <span class='ocrx_word' id='word_1_18' title='bbox 1265 317 1410 347; x_wconf 85' lang='lat' dir='ltr'>aver·</span> <span class='ocrx_word' id='word_1_19' title='bbox 1433 296 1620 341; x_wconf 80' lang='lat' dir='ltr'>a.C.218.</span> 
     </span>
     <span class='ocr_line' id='line_1_4' title="bbox 133 367 1413 430; baseline -0.005 -10"><span class='ocrx_word' id='word_1_20' title='bbox 133 387 323 420; x_wconf 86' lang='lat' dir='ltr'>terunt:</span> <span class='ocrx_word' id='word_1_21' title='bbox 345 369 587 419; x_wconf 79' lang='lat' dir='ltr'>constabat</span> <span class='ocrx_word' id='word_1_22' title='bbox 605 409 618 430; x_wconf 92' lang='lat'>,</span> <span class='ocrx_word' id='word_1_23' title='bbox 638 388 737 418; x_wconf 91' lang='lat' dir='ltr'>non</span> <span class='ocrx_word' id='word_1_24' title='bbox 766 385 862 417; x_wconf 89' lang='lat' dir='ltr'>tam</span> <span class='ocrx_word' id='word_1_25' title='bbox 888 368 1020 416; x_wconf 87' lang='lat' dir='ltr'>bello</span> <span class='ocrx_word' id='word_1_26' title='bbox 1041 381 1202 414; x_wconf 86' lang='lat' dir='ltr'>motos</span> <span class='ocrx_word' id='word_1_27' title='bbox 1225 403 1238 424; x_wconf 86' lang='lat'>,</span> <span class='ocrx_word' id='word_1_28' title='bbox 1268 367 1413 430; x_wconf 66' lang='lat' dir='ltr'>quam</span> 
     </span>
     <span class='ocr_line' id='line_1_5' title="bbox 134 435 1419 504; baseline -0.005 -18"><span class='ocrx_word' id='word_1_29' title='bbox 134 440 482 504; x_wconf 70' lang='lat' dir='ltr'>longinquitate</span> <span class='ocrx_word' id='word_1_30' title='bbox 513 440 604 486; x_wconf 86' lang='lat' dir='ltr'>viae</span> <span class='ocrx_word' id='word_1_31' title='bbox 640 436 1038 502; x_wconf 81' lang='lat' dir='ltr'>insuperabilique</span> <span class='ocrx_word' id='word_1_32' title='bbox 1070 435 1267 498; x_wconf 87' lang='lat' dir='ltr'>Alpium</span> <span class='ocrx_word' id='word_1_33' title='bbox 1289 450 1419 480; x_wconf 74' lang='lat' dir='ltr'>tran·</span> 
     </span>
    </p>

    <p class='ocr_par' dir='ltr' id='par_1_3' title="bbox 134 502 1418 570">
     <span class='ocr_line' id='line_1_6' title="bbox 134 502 1418 570; baseline -0.004 -17"><span class='ocrx_word' id='word_1_34' title='bbox 134 505 237 554; x_wconf 77' lang='lat' dir='ltr'>situ.</span> <span class='ocrx_word' id='word_1_35' title='bbox 266 506 475 553; x_wconf 85' lang='lat' dir='ltr'>Annibal</span> <span class='ocrx_word' id='word_1_36' title='bbox 507 542 521 565; x_wconf 88' lang='lat'>,</span> <span class='ocrx_word' id='word_1_37' title='bbox 568 506 677 570; x_wconf 83' lang='lat' dir='ltr'>quia</span> <span class='ocrx_word' id='word_1_38' title='bbox 710 507 957 552; x_wconf 63' lang='lat' dir='ltr'>‘revocare</span> <span class='ocrx_word' id='word_1_39' title='bbox 998 517 1077 549; x_wconf 88' lang='lat' dir='ltr'>aut</span> <span class='ocrx_word' id='word_1_40' title='bbox 1112 503 1162 548; x_wconf 90' lang='lat' dir='ltr'>vi</span> <span class='ocrx_word' id='word_1_41' title='bbox 1212 502 1418 548; x_wconf 73' lang='lat' dir='ltr'>retinere</span> 
     </span>
    </p>

    <p class='ocr_par' dir='ltr' id='par_1_4' title="bbox 135 568 1423 637">
     <span class='ocr_line' id='line_1_7' title="bbox 135 568 1423 637; baseline -0.005 -15"><span class='ocrx_word' id='word_1_42' title='bbox 135 589 220 622; x_wconf 88' lang='lat' dir='ltr'>eos</span> <span class='ocrx_word' id='word_1_43' title='bbox 260 590 436 637; x_wconf 85' lang='lat' dir='ltr'>anceps</span> <span class='ocrx_word' id='word_1_44' title='bbox 471 587 605 630; x_wconf 86' lang='lat' dir='ltr'>erat,</span> <span class='ocrx_word' id='word_1_45' title='bbox 649 588 708 619; x_wconf 90' lang='lat' dir='ltr'>ne</span> <span class='ocrx_word' id='word_1_46' title='bbox 744 586 1015 620; x_wconf 85' lang='lat' dir='ltr'>ceterorum</span> <span class='ocrx_word' id='word_1_47' title='bbox 1050 570 1194 617; x_wconf 84' lang='lat' dir='ltr'>etiam</span> <span class='ocrx_word' id='word_1_48' title='bbox 1234 568 1423 617; x_wconf 81' lang='lat' dir='ltr'>feroces</span> 
     </span>
    </p>

    <p class='ocr_par' dir='ltr' id='par_1_5' title="bbox 136 636 1427 704">
     <span class='ocr_line' id='line_1_8' title="bbox 136 636 1427 704; baseline -0.005 -16"><span class='ocrx_word' id='word_1_49' title='bbox 136 641 280 688; x_wconf 80' lang='lat' dir='ltr'>animi</span> <span class='ocrx_word' id='word_1_50' title='bbox 321 641 648 698; x_wconf 82' lang='lat' dir='ltr'>irritarentur,</span> <span class='ocrx_word' id='word_1_51' title='bbox 682 638 815 704; x_wconf 84' lang='lat' dir='ltr'>supra</span> <span class='ocrx_word' id='word_1_52' title='bbox 842 637 1048 702; x_wconf 69' lang='lat' dir='ltr'>septem</span> <span class='ocrx_word' id='word_1_53' title='bbox 1081 636 1427 684; x_wconf 78' lang='lat' dir='ltr'>millia-homi-</span> 
     </span>
    </p>

    <p class='ocr_par' dir='ltr' id='par_1_6' title="bbox 134 704 1428 771">
     <span class='ocr_line' id='line_1_9' title="bbox 134 704 1428 771; baseline -0.004 -16"><span class='ocrx_word' id='word_1_54' title='bbox 134 725 248 756; x_wconf 87' lang='lat' dir='ltr'>nurn</span> <span class='ocrx_word' id='word_1_55' title='bbox 272 707 446 755; x_wconf 87' lang='lat' dir='ltr'>domos</span> <span class='ocrx_word' id='word_1_56' title='bbox 471 705 649 755; x_wconf 78' lang='lat' dir='ltr'>remisit</span> <span class='ocrx_word' id='word_1_57' title='bbox 667 742 681 764; x_wconf 90' lang='lat'>,</span> <span class='ocrx_word' id='word_1_58' title='bbox 723 723 843 771; x_wconf 87' lang='lat' dir='ltr'>quos</span> <span class='ocrx_word' id='word_1_59' title='bbox 883 705 935 752; x_wconf 68' lang='grc' dir='ltr'>ὃ(</span> <span class='ocrx_word' id='word_1_60' title='bbox 970 704 1069 770; x_wconf 86' lang='lat' dir='ltr'>ipse</span> <span class='ocrx_word' id='word_1_61' title='bbox 1088 706 1272 771; x_wconf 85' lang='lat' dir='ltr'>gravari</span> <span class='ocrx_word' id='word_1_62' title='bbox 1296 704 1428 751; x_wconf 88' lang='lat' dir='ltr'>mili-</span> 
     </span>
    </p>

    <p class='ocr_par' dir='ltr' id='par_1_7' title="bbox 139 770 1426 890">
     <span class='ocr_line' id='line_1_10' title="bbox 141 770 1426 839; baseline -0.004 -16"><span class='ocrx_word' id='word_1_63' title='bbox 141 776 205 824; x_wconf 66' lang='lat' dir='ltr'>tia</span> <span class='ocrx_word' id='word_1_64' title='bbox 239 774 443 822; x_wconf 86' lang='lat' dir='ltr'>senserat</span> <span class='ocrx_word' id='word_1_65' title='bbox 476 773 780 838; x_wconf 82' lang='lat' dir='ltr'>Carpetanos</span> <span class='ocrx_word' id='word_1_66' title='bbox 817 790 1011 839; x_wconf 85' lang='lat' dir='ltr'>quoque</span> <span class='ocrx_word' id='word_1_67' title='bbox 1042 773 1102 820; x_wconf 84' lang='lat' dir='ltr'>ab</span> <span class='ocrx_word' id='word_1_68' title='bbox 1139 771 1185 820; x_wconf 88' lang='lat' dir='ltr'>se</span> <span class='ocrx_word' id='word_1_69' title='bbox 1219 770 1426 819; x_wconf 77' lang='lat' dir='ltr'>dimiffos</span> 
     </span>
     <span class='ocr_line' id='line_1_11' title="bbox 139 841 380 890; baseline -0.008 0"><span class='ocrx_word' id='word_1_70' title='bbox 139 841 380 890; x_wconf 75' lang='lat' dir='ltr'>simulans.</span> 
     </span>
    </p>

    <p class='ocr_par' dir='ltr' id='par_1_8' title="bbox 124 907 1639 2327">
     <span class='ocr_line' id='line_1_12' title="bbox 208 907 1426 974; baseline -0.001 -19"><span class='ocrx_word' id='word_1_71' title='bbox 208 907 397 956; x_wconf 87' lang='lat' dir='ltr'>XXIV.</span> <span class='ocrx_word' id='word_1_72' title='bbox 430 907 582 967; x_wconf 84' lang='lat' dir='ltr'>Inde,</span> <span class='ocrx_word' id='word_1_73' title='bbox 617 924 678 956; x_wconf 91' lang='lat' dir='ltr'>ne</span> <span class='ocrx_word' id='word_1_74' title='bbox 709 926 846 957; x_wconf 84' lang='lat' dir='ltr'>mora</span> <span class='ocrx_word' id='word_1_75' title='bbox 876 923 1018 974; x_wconf 86' lang='lat' dir='ltr'>atque</span> <span class='ocrx_word' id='word_1_76' title='bbox 1055 908 1205 956; x_wconf 86' lang='lat' dir='ltr'>otium</span> <span class='ocrx_word' id='word_1_77' title='bbox 1238 908 1426 954; x_wconf 84' lang='lat' dir='ltr'>animos</span> 
     </span>
     <span class='ocr_line' id='line_1_13' title="bbox 134 974 1428 1042; baseline -0.003 -17"><span class='ocrx_word' id='word_1_78' title='bbox 134 974 485 1036; x_wconf 84' lang='lat' dir='ltr'>sollicitarent,</span> <span class='ocrx_word' id='word_1_79' title='bbox 521 993 632 1023; x_wconf 85' lang='lat' dir='ltr'>curn</span> <span class='ocrx_word' id='word_1_80' title='bbox 689 977 882 1041; x_wconf 80' lang='lat' dir='ltr'>reliquis</span> <span class='ocrx_word' id='word_1_81' title='bbox 923 977 1075 1042; x_wconf 86' lang='lat' dir='ltr'>copiis</span> <span class='ocrx_word' id='word_1_82' title='bbox 1140 974 1428 1039; x_wconf 69' lang='lat' dir='ltr'>Pyrenaeum</span> 
     </span>
     <span class='ocr_line' id='line_1_14' title="bbox 138 1041 1429 1109; baseline -0.002 -19"><span class='ocrx_word' id='word_1_83' title='bbox 138 1043 508 1109; x_wconf 81' lang='lat' dir='ltr'>transgreditur,</span> <span class='ocrx_word' id='word_1_84' title='bbox 544 1044 595 1092; x_wconf 72' lang='grc' dir='ltr'>ὅ(</span> <span class='ocrx_word' id='word_1_85' title='bbox 640 1043 699 1090; x_wconf 89' lang='lat' dir='ltr'>ad</span> <span class='ocrx_word' id='word_1_86' title='bbox 742 1044 976 1109; x_wconf 85' lang='lat' dir='ltr'>oppidum</span> <span class='ocrx_word' id='word_1_87' title='bbox 1014 1042 1244 1091; x_wconf 74' lang='lat' dir='ltr'>Illiberim</span> <span class='ocrx_word' id='word_1_88' title='bbox 1284 1041 1429 1089; x_wconf 80' lang='lat' dir='ltr'>castra</span> 
     </span>
     <span class='ocr_line' id='line_1_15' title="bbox 139 1109 1431 1176; baseline -0.002 -17"><span class='ocrx_word' id='word_1_89' title='bbox 139 1111 285 1159; x_wconf 86' lang='lat' dir='ltr'>locat.</span> <span class='ocrx_word' id='word_1_90' title='bbox 325 1109 490 1169; x_wconf 83' lang='lat' dir='ltr'>Galli,</span> <span class='ocrx_word' id='word_1_91' title='bbox 532 1128 821 1176; x_wconf 78' lang='lat' dir='ltr'>quamquam</span> <span class='ocrx_word' id='word_1_92' title='bbox 860 1111 1008 1159; x_wconf 82' lang='lat' dir='ltr'>Italiae</span> <span class='ocrx_word' id='word_1_93' title='bbox 1040 1111 1222 1158; x_wconf 86' lang='lat' dir='ltr'>bellum</span> <span class='ocrx_word' id='word_1_94' title='bbox 1267 1109 1431 1157; x_wconf 85' lang='lat' dir='ltr'>inferri</span> 
     </span>
     <span class='ocr_line' id='line_1_16' title="bbox 137 1177 1433 1244; baseline -0.002 -18"><span class='ocrx_word' id='word_1_95' title='bbox 137 1179 427 1235; x_wconf 77' lang='lat' dir='ltr'>audiebant,</span> <span class='ocrx_word' id='word_1_96' title='bbox 463 1194 658 1237; x_wconf 81' lang='lat' dir='ltr'>tamen,</span> <span class='ocrx_word' id='word_1_97' title='bbox 695 1181 804 1244; x_wconf 85' lang='lat' dir='ltr'>quia</span> <span class='ocrx_word' id='word_1_98' title='bbox 834 1181 883 1226; x_wconf 89' lang='lat' dir='ltr'>vi</span> <span class='ocrx_word' id='word_1_99' title='bbox 914 1179 1129 1227; x_wconf 64' lang='lat' dir='ltr'>subafios</span> <span class='ocrx_word' id='word_1_100' title='bbox 1170 1193 1296 1225; x_wconf 86' lang='lat' dir='ltr'>trans</span> <span class='ocrx_word' id='word_1_101' title='bbox 1332 1177 1433 1241; x_wconf 85' lang='lat' dir='ltr'>Py-</span> 
     </span>
     <span class='ocr_line' id='line_1_17' title="bbox 137 1244 1429 1312; baseline -0.002 -18"><span class='ocrx_word' id='word_1_102' title='bbox 137 1262 346 1294; x_wconf 85' lang='lat' dir='ltr'>renaeum</span> <span class='ocrx_word' id='word_1_103' title='bbox 370 1245 610 1311; x_wconf 84' lang='lat' dir='ltr'>Hispanos</span> <span class='ocrx_word' id='word_1_104' title='bbox 649 1244 777 1294; x_wconf 82' lang='lat' dir='ltr'>fama</span> <span class='ocrx_word' id='word_1_105' title='bbox 798 1259 902 1294; x_wconf 88' lang='lat' dir='ltr'>erat</span> <span class='ocrx_word' id='word_1_106' title='bbox 921 1284 938 1307; x_wconf 85' lang='lat'>‚</span> <span class='ocrx_word' id='word_1_107' title='bbox 973 1244 1281 1312; x_wconf 79' lang='lat' dir='ltr'>praesidiaque</span> <span class='ocrx_word' id='word_1_108' title='bbox 1307 1246 1429 1292; x_wconf 85' lang='lat' dir='ltr'>vali-</span> 
     </span>
     <span class='ocr_line' id='line_1_18' title="bbox 139 1310 1429 1379; baseline -0.001 -18"><span class='ocrx_word' id='word_1_109' title='bbox 139 1314 201 1361; x_wconf 89' lang='lat' dir='ltr'>da</span> <span class='ocrx_word' id='word_1_110' title='bbox 219 1312 440 1379; x_wconf 80' lang='lat' dir='ltr'>imposita</span> <span class='ocrx_word' id='word_1_111' title='bbox 460 1348 474 1371; x_wconf 89' lang='lat'>‚</span> <span class='ocrx_word' id='word_1_112' title='bbox 497 1327 630 1362; x_wconf 88' lang='lat' dir='ltr'>metu</span> <span class='ocrx_word' id='word_1_113' title='bbox 657 1312 889 1362; x_wconf 88' lang='lat' dir='ltr'>servitutis</span> <span class='ocrx_word' id='word_1_114' title='bbox 912 1324 936 1362; x_wconf 71' lang='lat'>‘1</span> <span class='ocrx_word' id='word_1_115' title='bbox 972 1313 1032 1361; x_wconf 86' lang='lat' dir='ltr'>ad</span> <span class='ocrx_word' id='word_1_116' title='bbox 1060 1330 1186 1360; x_wconf 83' lang='lat' dir='ltr'>arma</span> <span class='ocrx_word' id='word_1_117' title='bbox 1215 1310 1429 1361; x_wconf 85' lang='lat' dir='ltr'>conster-</span> 
     </span>
     <span class='ocr_line' id='line_1_19' title="bbox 136 1378 1426 1447; baseline -0.002 -18"><span class='ocrx_word' id='word_1_118' title='bbox 136 1381 274 1441; x_wconf 87' lang='lat' dir='ltr'>nati,</span> <span class='ocrx_word' id='word_1_119' title='bbox 306 1378 632 1430; x_wconf 84' lang='lat' dir='ltr'>Ruscinonem</span> <span class='ocrx_word' id='word_1_120' title='bbox 667 1381 852 1447; x_wconf 82' lang='lat' dir='ltr'>aliquot</span> <span class='ocrx_word' id='word_1_121' title='bbox 884 1381 1053 1447; x_wconf 90' lang='lat' dir='ltr'>populi</span> <span class='ocrx_word' id='word_1_122' title='bbox 1081 1381 1380 1429; x_wconf 84' lang='lat' dir='ltr'>conveniunt</span> <span class='ocrx_word' id='word_1_123' title='bbox 1414 1395 1426 1426; x_wconf 73' lang='grc' dir='ltr'><em>τ</em></span> 
     </span>
     <span class='ocr_line' id='line_1_20' title="bbox 136 1440 1639 1517; baseline -0.002 -19"><span class='ocrx_word' id='word_1_124' title='bbox 136 1449 271 1517; x_wconf 88' lang='lat' dir='ltr'>quod</span> <span class='ocrx_word' id='word_1_125' title='bbox 301 1448 383 1497; x_wconf 89' lang='lat' dir='ltr'>ubi</span> <span class='ocrx_word' id='word_1_126' title='bbox 414 1449 643 1497; x_wconf 87' lang='lat' dir='ltr'>Annibali</span> <span class='ocrx_word' id='word_1_127' title='bbox 675 1451 945 1498; x_wconf 82' lang='lat' dir='ltr'>nuntiatum</span> <span class='ocrx_word' id='word_1_128' title='bbox 980 1447 1079 1507; x_wconf 87' lang='lat' dir='ltr'>est,</span> <span class='ocrx_word' id='word_1_129' title='bbox 1111 1466 1297 1497; x_wconf 84' lang='lat' dir='ltr'>moram</span> <span class='ocrx_word' id='word_1_130' title='bbox 1328 1465 1426 1495; x_wconf 87' lang='lat' dir='ltr'>ma·</span> <span class='ocrx_word' id='word_1_131' title='bbox 1495 1440 1639 1513; x_wconf 56' lang='grc' dir='ltr'>Εαῖἶθέ</span> 
     </span>
     <span class='ocr_line' id='line_1_21' title="bbox 124 1506 1638 1583; baseline -0.002 -17"><span class='ocrx_word' id='word_1_132' title='bbox 124 1559 128 1563; x_wconf 69' lang='grc'><strong>,</strong></span> <span class='ocrx_word' id='word_1_133' title='bbox 171 1519 210 1566; x_wconf 90' lang='lat' dir='ltr'>is</span> <span class='ocrx_word' id='word_1_134' title='bbox 244 1516 388 1583; x_wconf 69' lang='lat' dir='ltr'>quam</span> <span class='ocrx_word' id='word_1_135' title='bbox 426 1517 610 1566; x_wconf 87' lang='lat' dir='ltr'>bellum</span> <span class='ocrx_word' id='word_1_136' title='bbox 642 1532 861 1566; x_wconf 86' lang='lat' dir='ltr'>metuens</span> <span class='ocrx_word' id='word_1_137' title='bbox 884 1554 898 1576; x_wconf 93' lang='lat'><strong>‚</strong></span> <span class='ocrx_word' id='word_1_138' title='bbox 936 1532 1155 1566; x_wconf 83' lang='lat' dir='ltr'>oratores</span> <span class='ocrx_word' id='word_1_139' title='bbox 1187 1516 1247 1564; x_wconf 86' lang='lat' dir='ltr'>ad</span> <span class='ocrx_word' id='word_1_140' title='bbox 1285 1533 1425 1582; x_wconf 79' lang='lat' dir='ltr'>regu·</span> <span class='ocrx_word' id='word_1_141' title='bbox 1442 1506 1518 1575; x_wconf 37' lang='lat' dir='ltr'>fif&#39;n.</span> <span class='ocrx_word' id='word_1_142' title='bbox 1549 1521 1638 1545; x_wconf 80' lang='lat' dir='ltr'><strong><em>con·</em></strong></span> 
     </span>
     <span class='ocr_line' id='line_1_22' title="bbox 137 1535 1578 1650; baseline -0.002 -15"><span class='ocrx_word' id='word_1_143' title='bbox 137 1535 213 1635; x_wconf 54' lang='grc' dir='ltr'>ῗοε</span> <span class='ocrx_word' id='word_1_144' title='bbox 245 1602 414 1633; x_wconf 90' lang='lat' dir='ltr'>eorum</span> <span class='ocrx_word' id='word_1_145' title='bbox 446 1585 597 1633; x_wconf 77' lang='lat' dir='ltr'>misit:</span> <span class='ocrx_word' id='word_1_146' title='bbox 625 1585 986 1650; x_wconf 78' lang='lat' dir='ltr'>Colloquisemet</span> <span class='ocrx_word' id='word_1_147' title='bbox 1004 1585 1148 1650; x_wconf 79' lang='lat' dir='ltr'>ipsum</span> <span class='ocrx_word' id='word_1_148' title='bbox 1178 1585 1296 1632; x_wconf 77' lang='lat' dir='ltr'>velle</span> <span class='ocrx_word' id='word_1_149' title='bbox 1327 1603 1426 1643; x_wconf 61' lang='lat' dir='ltr'>crem</span> <span class='ocrx_word' id='word_1_150' title='bbox 1450 1568 1578 1608; x_wconf 60' lang='lat' dir='ltr'>crlzac.</span> 
     </span>
     <span class='ocr_line' id='line_1_23' title="bbox 139 1653 1430 1718; baseline -0.003 -15"><span class='ocrx_word' id='word_1_151' title='bbox 139 1655 247 1711; x_wconf 81' lang='lat' dir='ltr'>his,·</span> <span class='ocrx_word' id='word_1_152' title='bbox 271 1653 314 1701; x_wconf 63' lang='grc' dir='ltr'>δ’</span> <span class='ocrx_word' id='word_1_153' title='bbox 342 1654 419 1701; x_wconf 79' lang='grc' dir='ltr'>νεῖ</span> <span class='ocrx_word' id='word_1_154' title='bbox 445 1654 519 1701; x_wconf 86' lang='lat' dir='ltr'>illi</span> <span class='ocrx_word' id='word_1_155' title='bbox 545 1653 736 1718; x_wconf 67' lang='lat' dir='ltr'>propiits</span> <span class='ocrx_word' id='word_1_156' title='bbox 779 1654 998 1702; x_wconf 84' lang='lat' dir='ltr'>Illiberim</span> <span class='ocrx_word' id='word_1_157' title='bbox 1030 1653 1288 1700; x_wconf 75' lang='lat' dir='ltr'>accederent</span> <span class='ocrx_word' id='word_1_158' title='bbox 1312 1689 1324 1711; x_wconf 93' lang='lat'>‚</span> <span class='ocrx_word' id='word_1_159' title='bbox 1355 1654 1430 1701; x_wconf 78' lang='lat' dir='ltr'>vel</span> 
     </span>
     <span class='ocr_line' id='line_1_24' title="bbox 131 1719 1430 1787; baseline 0 -19"><span class='ocrx_word' id='word_1_160' title='bbox 131 1722 185 1787; x_wconf 91' lang='lat' dir='ltr'>se</span> <span class='ocrx_word' id='word_1_161' title='bbox 203 1720 503 1784; x_wconf 78' lang='lat' dir='ltr'>Ruscinonem</span> <span class='ocrx_word' id='word_1_162' title='bbox 520 1719 817 1786; x_wconf 80' lang='lat' dir='ltr'>proceffurum</span> <span class='ocrx_word' id='word_1_163' title='bbox 831 1758 847 1779; x_wconf 89' lang='lat'>,</span> <span class='ocrx_word' id='word_1_164' title='bbox 882 1735 931 1768; x_wconf 80' lang='grc' dir='ltr'>ιιι</span> <span class='ocrx_word' id='word_1_165' title='bbox 958 1738 1016 1768; x_wconf 87' lang='lat' dir='ltr'>ex</span> <span class='ocrx_word' id='word_1_166' title='bbox 1043 1721 1299 1785; x_wconf 78' lang='lat' dir='ltr'>propinquo</span> <span class='ocrx_word' id='word_1_167' title='bbox 1323 1738 1430 1768; x_wconf 84' lang='lat' dir='ltr'>con-</span> 
     </span>
     <span class='ocr_line' id='line_1_25' title="bbox 137 1786 1430 1854; baseline 0.002 -20"><span class='ocrx_word' id='word_1_168' title='bbox 137 1786 306 1854; x_wconf 82' lang='lat' dir='ltr'>greffus</span> <span class='ocrx_word' id='word_1_169' title='bbox 333 1787 529 1851; x_wconf 83' lang='lat' dir='ltr'>facilior</span> <span class='ocrx_word' id='word_1_170' title='bbox 563 1786 696 1852; x_wconf 76' lang='lat' dir='ltr'>effit:</span> <span class='ocrx_word' id='word_1_171' title='bbox 728 1807 832 1836; x_wconf 81' lang='lat' dir='ltr'>nam</span> <span class='ocrx_word' id='word_1_172' title='bbox 863 1788 907 1836; x_wconf 60' lang='grc' dir='ltr'>δ’</span> <span class='ocrx_word' id='word_1_173' title='bbox 949 1803 1236 1852; x_wconf 76' lang='lat' dir='ltr'>accepturum</span> <span class='ocrx_word' id='word_1_174' title='bbox 1270 1806 1344 1835; x_wconf 85' lang='lat' dir='ltr'>eos</span> <span class='ocrx_word' id='word_1_175' title='bbox 1380 1790 1430 1837; x_wconf 73' lang='lat' dir='ltr'>in</span> 
     </span>
     <span class='ocr_line' id='line_1_26' title="bbox 134 1854 1431 1920; baseline 0 -17"><span class='ocrx_word' id='word_1_176' title='bbox 134 1855 436 1920; x_wconf 71' lang='lat' dir='ltr'>castrasuase</span> <span class='ocrx_word' id='word_1_177' title='bbox 456 1856 602 1903; x_wconf 79' lang='lat' dir='ltr'><em>laetum</em></span> <span class='ocrx_word' id='word_1_178' title='bbox 621 1892 635 1915; x_wconf 91' lang='lat'>,</span> <span class='ocrx_word' id='word_1_179' title='bbox 678 1874 758 1903; x_wconf 84' lang='lat' dir='ltr'>nec</span> <span class='ocrx_word' id='word_1_180' title='bbox 785 1855 1097 1919; x_wconf 65' lang='lat' dir='ltr'>cunffanterse</span> <span class='ocrx_word' id='word_1_181' title='bbox 1115 1854 1258 1920; x_wconf 77' lang='lat' dir='ltr'>ipsum</span> <span class='ocrx_word' id='word_1_182' title='bbox 1278 1857 1342 1902; x_wconf 76' lang='lat' dir='ltr'>ad</span> <span class='ocrx_word' id='word_1_183' title='bbox 1355 1875 1431 1903; x_wconf 83' lang='lat' dir='ltr'>eos</span> 
     </span>
     <span class='ocr_line' id='line_1_27' title="bbox 136 1923 1432 1989; baseline -0.002 -17"><span class='ocrx_word' id='word_1_184' title='bbox 136 1938 388 1972; x_wconf 80' lang='lat' dir='ltr'>venturum.</span> <span class='ocrx_word' id='word_1_185' title='bbox 422 1923 659 1989; x_wconf 86' lang='lat' dir='ltr'>Hospitem</span> <span class='ocrx_word' id='word_1_186' title='bbox 685 1925 799 1972; x_wconf 85' lang='lat' dir='ltr'>enim</span> <span class='ocrx_word' id='word_1_187' title='bbox 824 1924 874 1988; x_wconf 89' lang='lat' dir='ltr'>se</span> <span class='ocrx_word' id='word_1_188' title='bbox 907 1924 1107 1981; x_wconf 64' lang='lat' dir='ltr'>Gallia,</span> <span class='ocrx_word' id='word_1_189' title='bbox 1149 1942 1238 1971; x_wconf 82' lang='lat' dir='ltr'>non</span> <span class='ocrx_word' id='word_1_190' title='bbox 1274 1924 1432 1989; x_wconf 75' lang='lat' dir='ltr'>hostem</span> 
     </span>
     <span class='ocr_line' id='line_1_28' title="bbox 139 1989 1432 2056; baseline 0 -18"><span class='ocrx_word' id='word_1_191' title='bbox 139 1989 366 2053; x_wconf 67' lang='lat' dir='ltr'>adveniſje</span> <span class='ocrx_word' id='word_1_192' title='bbox 404 2007 425 2047; x_wconf 89' lang='lat'><em>;</em></span> <span class='ocrx_word' id='word_1_193' title='bbox 459 2008 540 2038; x_wconf 82' lang='lat' dir='ltr'>nec</span> <span class='ocrx_word' id='word_1_194' title='bbox 560 1991 812 2055; x_wconf 72' lang='lat' dir='ltr'>striHurum</span> <span class='ocrx_word' id='word_1_195' title='bbox 860 1992 964 2038; x_wconf 71' lang='lat' dir='ltr'>ante</span> <span class='ocrx_word' id='word_1_196' title='bbox 1003 1992 1311 2056; x_wconf 76' lang='lat' dir='ltr'>gladium,st</span> <span class='ocrx_word' id='word_1_197' title='bbox 1349 2010 1432 2056; x_wconf 84' lang='lat' dir='ltr'>per</span> 
     </span>
     <span class='ocr_line' id='line_1_29' title="bbox 141 2056 1429 2122; baseline 0 -16"><span class='ocrx_word' id='word_1_198' title='bbox 141 2058 310 2106; x_wconf 88' lang='lat' dir='ltr'><em>Gallos</em></span> <span class='ocrx_word' id='word_1_199' title='bbox 338 2059 507 2115; x_wconf 77' lang='lat' dir='ltr'>liceat,</span> <span class='ocrx_word' id='word_1_200' title='bbox 537 2059 671 2122; x_wconf 76' lang='lat' dir='ltr'>qua&#39;m</span> <span class='ocrx_word' id='word_1_201' title='bbox 712 2059 759 2106; x_wconf 79' lang='lat' dir='ltr'>in</span> <span class='ocrx_word' id='word_1_202' title='bbox 794 2059 980 2106; x_wconf 60' lang='lat' dir='ltr'>Italiam</span> <span class='ocrx_word' id='word_1_203' title='bbox 1015 2056 1212 2121; x_wconf 67' lang='lat' dir='ltr'>veniffi‘t.</span> <span class='ocrx_word' id='word_1_204' title='bbox 1247 2056 1308 2105; x_wconf 83' lang='lat' dir='ltr'>Et</span> <span class='ocrx_word' id='word_1_205' title='bbox 1343 2075 1429 2121; x_wconf 81' lang='lat' dir='ltr'>per</span> 
     </span>
     <span class='ocr_line' id='line_1_30' title="bbox 136 2124 1429 2191; baseline 0.001 -18"><span class='ocrx_word' id='word_1_206' title='bbox 136 2126 330 2174; x_wconf 87' lang='lat' dir='ltr'>nuntios</span> <span class='ocrx_word' id='word_1_207' title='bbox 374 2125 569 2188; x_wconf 86' lang='lat' dir='ltr'>quidem</span> <span class='ocrx_word' id='word_1_208' title='bbox 609 2126 726 2173; x_wconf 85' lang='lat' dir='ltr'><strong>haec.</strong></span> <span class='ocrx_word' id='word_1_209' title='bbox 782 2125 853 2174; x_wconf 80' lang='lat' dir='ltr'>Ut</span> <span class='ocrx_word' id='word_1_210' title='bbox 903 2124 1020 2175; x_wconf 74' lang='lat' dir='ltr'>verb</span> <span class='ocrx_word' id='word_1_211' title='bbox 1063 2126 1213 2191; x_wconf 81' lang='lat' dir='ltr'>reguli</span> <span class='ocrx_word' id='word_1_212' title='bbox 1248 2124 1429 2174; x_wconf 84' lang='lat' dir='ltr'>Gallo-</span> 
     </span>
     <span class='ocr_line' id='line_1_31' title="bbox 140 2190 1431 2258; baseline 0.001 -19"><span class='ocrx_word' id='word_1_213' title='bbox 140 2209 284 2252; x_wconf 64' lang='lat' dir='ltr'>rum,</span> <span class='ocrx_word' id='word_1_214' title='bbox 333 2190 489 2239; x_wconf 84' lang='lat' dir='ltr'>castris</span> <span class='ocrx_word' id='word_1_215' title='bbox 537 2191 598 2240; x_wconf 89' lang='lat' dir='ltr'>ad</span> <span class='ocrx_word' id='word_1_216' title='bbox 649 2192 879 2241; x_wconf 82' lang='lat' dir='ltr'>Illiberim</span> <span class='ocrx_word' id='word_1_217' title='bbox 928 2194 1178 2258; x_wconf 84' lang='lat' dir='ltr'>extemplo</span> <span class='ocrx_word' id='word_1_218' title='bbox 1229 2195 1374 2241; x_wconf 87' lang='lat' dir='ltr'>motis</span> <span class='ocrx_word' id='word_1_219' title='bbox 1414 2228 1431 2251; x_wconf 94' lang='lat'>,</span> 
     </span>
     <span class='ocr_line' id='line_1_32' title="bbox 138 2259 1432 2327; baseline 0.001 -19"><span class='ocrx_word' id='word_1_220' title='bbox 138 2259 266 2308; x_wconf 83' lang='lat' dir='ltr'>haud</span> <span class='ocrx_word' id='word_1_221' title='bbox 319 2260 514 2326; x_wconf 68' lang='lat' dir='ltr'>gravate</span> <span class='ocrx_word' id='word_1_222' title='bbox 578 2259 639 2307; x_wconf 87' lang='lat' dir='ltr'>ad</span> <span class='ocrx_word' id='word_1_223' title='bbox 693 2259 899 2310; x_wconf 84' lang='lat' dir='ltr'>Poenum</span> <span class='ocrx_word' id='word_1_224' title='bbox 955 2275 1195 2310; x_wconf 88' lang='lat' dir='ltr'>venerunt</span> <span class='ocrx_word' id='word_1_225' title='bbox 1239 2277 1254 2321; x_wconf 93' lang='lat'>;</span> <span class='ocrx_word' id='word_1_226' title='bbox 1304 2262 1432 2327; x_wconf 87' lang='lat' dir='ltr'>capti</span> 
     </span>
    </p>
   </div>
   <div class='ocr_carea' id='block_1_3' title="bbox 77 2363 1431 2780">
    <p class='ocr_par' dir='ltr' id='par_1_9' title="bbox 77 2363 1431 2721">
     <span class='ocr_line' id='line_1_33' title="bbox 208 2363 1429 2418; baseline -0.001 -14"><span class='ocrx_word' id='word_1_227' title='bbox 208 2377 224 2404; x_wconf 91' lang='lat'>1</span> <span class='ocrx_word' id='word_1_228' title='bbox 259 2363 326 2403; x_wconf 82' lang='lat' dir='ltr'>Ad</span> <span class='ocrx_word' id='word_1_229' title='bbox 343 2378 450 2403; x_wconf 79' lang='lat' dir='ltr'>arma</span> <span class='ocrx_word' id='word_1_230' title='bbox 476 2363 746 2416; x_wconf 80' lang='lat' dir='ltr'>consternati]</span> <span class='ocrx_word' id='word_1_231' title='bbox 772 2393 776 2396; x_wconf 86' lang='lat'>-</span> <span class='ocrx_word' id='word_1_232' title='bbox 814 2365 863 2402; x_wconf 86' lang='lat' dir='ltr'>de</span> <span class='ocrx_word' id='word_1_233' title='bbox 885 2363 1021 2405; x_wconf 83' lang='lat' dir='ltr'>furore</span> <span class='ocrx_word' id='word_1_234' title='bbox 1053 2364 1222 2412; x_wconf 82' lang='lat' dir='ltr'>dicitur,</span> <span class='ocrx_word' id='word_1_235' title='bbox 1247 2365 1359 2418; x_wconf 68' lang='lat' dir='ltr'>quz&#39;sm</span> <span class='ocrx_word' id='word_1_236' title='bbox 1379 2364 1429 2404; x_wconf 88' lang='lat' dir='ltr'>de</span> 
     </span>
     <span class='ocr_line' id='line_1_34' title="bbox 138 2424 1431 2478; baseline 0 -13"><span class='ocrx_word' id='word_1_237' title='bbox 138 2424 405 2465; x_wconf 85' lang='lat' dir='ltr'>Concitatiad</span> <span class='ocrx_word' id='word_1_238' title='bbox 420 2439 525 2463; x_wconf 85' lang='lat' dir='ltr'>arma</span> <span class='ocrx_word' id='word_1_239' title='bbox 540 2425 749 2478; x_wconf 84' lang='lat' dir='ltr'>capienda.</span> <span class='ocrx_word' id='word_1_240' title='bbox 813 2439 981 2478; x_wconf 84' lang='lat' dir='ltr'>pavore.</span> <span class='ocrx_word' id='word_1_241' title='bbox 1010 2426 1076 2466; x_wconf 85' lang='lat' dir='ltr'>Sic</span> <span class='ocrx_word' id='word_1_242' title='bbox 1110 2426 1230 2467; x_wconf 86' lang='lat' dir='ltr'>Vlll.</span> <span class='ocrx_word' id='word_1_243' title='bbox 1263 2437 1336 2477; x_wconf 88' lang='lat'>27.</span> <span class='ocrx_word' id='word_1_244' title='bbox 1371 2437 1431 2465; x_wconf 83' lang='lat' dir='ltr'>tu·</span> 
     </span>
     <span class='ocr_line' id='line_1_35' title="bbox 77 2484 1429 2540; baseline -0.001 -13"><span class='ocrx_word' id='word_1_245' title='bbox 77 2531 82 2532; x_wconf 19' lang='lat'><em>⁷</em></span> <span class='ocrx_word' id='word_1_246' title='bbox 139 2487 294 2527; x_wconf 80' lang='lat' dir='ltr'>Eodem</span> <span class='ocrx_word' id='word_1_247' title='bbox 308 2486 428 2526; x_wconf 88' lang='lat' dir='ltr'>modo</span> <span class='ocrx_word' id='word_1_248' title='bbox 447 2488 605 2526; x_wconf 77' lang='lat' dir='ltr'>locutus</span> <span class='ocrx_word' id='word_1_249' title='bbox 619 2485 671 2525; x_wconf 90' lang='lat' dir='ltr'>est</span> <span class='ocrx_word' id='word_1_250' title='bbox 685 2485 752 2525; x_wconf 88' lang='lat' dir='ltr'>Li-</span> <span class='ocrx_word' id='word_1_251' title='bbox 814 2486 938 2525; x_wconf 82' lang='lat' dir='ltr'>multu</span> <span class='ocrx_word' id='word_1_252' title='bbox 972 2487 1088 2527; x_wconf 85' lang='lat' dir='ltr'>etiarn</span> <span class='ocrx_word' id='word_1_253' title='bbox 1110 2484 1230 2540; x_wconf 83' lang='lat' dir='ltr'>sanos</span> <span class='ocrx_word' id='word_1_254' title='bbox 1258 2487 1429 2536; x_wconf 82' lang='lat' dir='ltr'>conster-</span> 
     </span>
     <span class='ocr_line' id='line_1_36' title="bbox 138 2546 1428 2595; baseline 0.001 -9"><span class='ocrx_word' id='word_1_255' title='bbox 138 2548 225 2587; x_wconf 85' lang='lat' dir='ltr'>vius</span> <span class='ocrx_word' id='word_1_256' title='bbox 241 2574 252 2594; x_wconf 87' lang='lat'>,</span> <span class='ocrx_word' id='word_1_257' title='bbox 271 2546 367 2588; x_wconf 80' lang='lat' dir='ltr'>VII.</span> <span class='ocrx_word' id='word_1_258' title='bbox 386 2559 458 2595; x_wconf 83' lang='lat'>42.</span> <span class='ocrx_word' id='word_1_259' title='bbox 475 2548 525 2584; x_wconf 83' lang='lat' dir='ltr'>ad</span> <span class='ocrx_word' id='word_1_260' title='bbox 544 2561 650 2586; x_wconf 81' lang='lat' dir='ltr'>arma</span> <span class='ocrx_word' id='word_1_261' title='bbox 663 2561 751 2585; x_wconf 87' lang='lat' dir='ltr'>con·</span> <span class='ocrx_word' id='word_1_262' title='bbox 814 2559 932 2588; x_wconf 84' lang='lat' dir='ltr'>nante</span> <span class='ocrx_word' id='word_1_263' title='bbox 952 2548 1100 2588; x_wconf 78' lang='lat' dir='ltr'>animos</span> <span class='ocrx_word' id='word_1_264' title='bbox 1122 2562 1132 2590; x_wconf 88' lang='lat'>:</span> <span class='ocrx_word' id='word_1_265' title='bbox 1156 2549 1195 2589; x_wconf 76' lang='grc' dir='ltr'>δι</span> <span class='ocrx_word' id='word_1_266' title='bbox 1217 2548 1428 2591; x_wconf 80' lang='lat' dir='ltr'>XXXIV.</span> 
     </span>
     <span class='ocr_line' id='line_1_37' title="bbox 132 2607 1384 2663; baseline 0.003 -17"><span class='ocrx_word' id='word_1_267' title='bbox 132 2608 364 2660; x_wconf 73' lang='lat' dir='ltr'>stet-natam.</span> <span class='ocrx_word' id='word_1_268' title='bbox 399 2607 448 2648; x_wconf 75' lang='lat' dir='ltr'>Et</span> <span class='ocrx_word' id='word_1_269' title='bbox 474 2607 613 2661; x_wconf 81' lang='lat' dir='ltr'>saepius</span> <span class='ocrx_word' id='word_1_270' title='bbox 646 2609 751 2661; x_wconf 83' lang='lat' dir='ltr'>apud</span> <span class='ocrx_word' id='word_1_271' title='bbox 817 2622 858 2652; x_wconf 88' lang='lat'>2.</span> <span class='ocrx_word' id='word_1_272' title='bbox 881 2609 1142 2663; x_wconf 73' lang='lat' dir='ltr'>consternatio</span> <span class='ocrx_word' id='word_1_273' title='bbox 1170 2609 1384 2650; x_wconf 68' lang='lat' dir='ltr'>muliebris.</span> 
     </span>
     <span class='ocr_line' id='line_1_38' title="bbox 137 2668 1043 2721; baseline 0 -10"><span class='ocrx_word' id='word_1_274' title='bbox 137 2668 309 2712; x_wconf 85' lang='lat' dir='ltr'>nostrum</span> <span class='ocrx_word' id='word_1_275' title='bbox 322 2670 488 2712; x_wconf 79' lang='lat' dir='ltr'>verbum</span> <span class='ocrx_word' id='word_1_276' title='bbox 507 2684 577 2721; x_wconf 69' lang='lat' dir='ltr'>con</span> <span class='ocrx_word' id='word_1_277' title='bbox 597 2683 748 2711; x_wconf 76' lang='lat' dir='ltr'>tornare</span> <span class='ocrx_word' id='word_1_278' title='bbox 1040 2695 1043 2699; x_wconf 87' lang='lat'><em>-</em></span> 
     </span>
    </p>

    <p class='ocr_par' dir='ltr' id='par_1_10' title="bbox 1099 2727 1227 2780">
     <span class='ocr_line' id='line_1_39' title="bbox 1099 2727 1227 2780; baseline 0 -2"><span class='ocrx_word' id='word_1_279' title='bbox 1099 2727 1138 2779; x_wconf 87' lang='lat' dir='ltr'>B</span> <span class='ocrx_word' id='word_1_280' title='bbox 1177 2727 1227 2780; x_wconf 80' lang='lat' dir='ltr'>iv</span> 
     </span>
    </p>
   </div>
  </div>
 </body>
</html>
