1711 3078
291 146 646 203 LtnER
727 145 1074 204 XXIV.
1203 160 1318 221 307

33 241 271 308 Megaram
302 243 509 290 haberent
536 278 557 300 ‚
605 243 654 290 in
683 238 815 303 fitam
843 243 1102 307 potestatem
1157 244 1321 309 redige-
1338 242 1527 295 U.c.538.

34 323 132 367 ret,
166 327 222 357 ac
251 307 479 375 supplicio
520 324 663 357 eorum
696 309 895 355 liberaret
920 311 1097 357 tandem
1126 311 1322 377 Syracu·
1340 298 1528 350 ³·C·2¹4·

23 374 121 440 fizs.
151 376 269 424 Haec
303 394 448 442 quum
476 379 675 425 recitata
704 373 878 435 effent,
920 392 1028 423 cum
1061 390 1195 425 tanto
1219 379 1318 426 cla-

34 459 170 492 more
218 443 278 491 ad
310 462 440 492 arrna
473 442 727 491 discursum
760 441 826 490 est
847 477 861 501 ,
895 456 947 490 ut
977 458 1208 507 praetores
1242 447 1321 493 in-

33 523 108 559 ter
139 511 395 559 tumultum
426 511 590 576 pavidi
624 510 1006 575 abequitaverint
1047 509 1325 574 Syracusas.

35 575 98 627 Et
129 595 190 628 ne
228 577 341 644 fug&
373 578 569 643 quidem
610 593 779 626 eorum
826 575 997 626 seditio
1051 577 1321 644 compressa

33 643 131 698 est,
180 647 477 713 impetusque
529 647 578 694 in
631 643 957 709 Syracusanos
1004 645 1177 693 milites
1227 644 1323 694 fie-

34 711 182 774 bant3
216 730 305 762 nec
330 715 389 763 ab
413 714 512 762 ullo
531 726 857 778 temperatum
881 710 1042 770 foret,
1072 714 1119 761 ni
1139 712 1326 779 Epicy-

32 780 121 829 des
169 797 313 846 atque
368 782 732 847 Hippocrates,
758 781 837 826 irae
879 780 1195 829 multitudinis
1232 781 1327 829 ob·-

31 847 162 897 viz‘tm
198 848 367 906 issent,
415 867 516 897 non
544 866 569 894 a
605 846 933 895 misericordia
984 861 1064 895 aut
1107 848 1327 897 humano

34 915 265 973 consilio,
288 915 369 964 sed
404 933 466 964 ne
495 915 626 980 spem
654 912 832 962 reditus
868 915 1186 978 praeciderent
1209 914 1326 977 fibi;

32 982 84 1032 &
108 1019 124 1044 ‚
151 999 298 1049 quum
331 981 463 1048 ipsos
511 981 648 1030 simul
693 982 866 1030 milites
898 980 1024 1030 fidos
1060 982 1327 1043 haberent,

35 1049 171 1099 simul
214 1049 403 1099 obfides
429 1089 443 1111 ‚
486 1063 590 1098 tum
640 1061 872 1115 cognatos
921 1065 1114 1115 quoque
1155 1068 1326 1100 eorum

37 1133 183 1184 atque
235 1120 415 1167 amicos
458 1131 596 1169 tanto
637 1131 658 1180 3
697 1119 872 1165 merito
921 1118 1164 1182 primurn,
1212 1119 1326 1167 dein

35 1187 242 1253 pignore
293 1185 376 1234 fibi
416 1186 726 1234 conciliarent
770 1202 781 1232 :
834 1186 1118 1250 expertique
1181 1186 1329 1251 quum

34 1255 159 1304 van&
198 1267 276 1301 aut
304 1253 402 1303 levi
438 1254 549 1301 aurii
585 1252 766 1300 mobile
804 1252 974 1318 vulgus
1015 1252 1165 1312 esset,
1201 1255 1328 1301 mili-

35 1328 142 1370 tem‘
187 1320 342 1368 nancti
389 1337 448 1368 ex
483 1337 544 1369 eo
585 1335 823 1377 numero,
867 1322 946 1384 qui
986 1321 1034 1366 in
1076 1319 1329 1369 Leontinis

33 1388 315 1438 circumsessi
351 1401 518 1447 erant,
546 1387 833 1444 subornant,
853 1401 909 1433 ut
937 1386 1194 1451 Syracusas
1216 1405 1330 1452 per·

34 1454 187 1505 ferret
213 1458 430 1504 nuntium
459 1456 838 1505 convenientem
873 1455 966 1514 eis,
988 1471 1093 1520 quae
1122 1455 1184 1504 ad
1204 1455 1330 1521 My-

33 1524 132 1575 lam
170 1522 294 1572 falso
328 1525 543 1572 nuntiata
576 1536 745 1581 erant3
783 1519 1125 1588 auctoremque
1155 1524 1202 1572 se
1241 1539 1329 1572 ex-

33 1590 248 1641 hibendo
274 1631 285 1648 ,
313 1609 370 1639 ac
393 1590 526 1639 velut
550 1589 650 1638 visa
667 1627 682 1649 ,
713 1605 819 1655 quae
847 1589 992 1638 dubia
1014 1604 1182 1652 erant,
1209 1607 1330 1640 nar-

35 1659 189 1709 rando
210 1697 223 1717 ‚
265 1659 532 1708 concitaret
560 1659 651 1707 iras
686 1657 954 1706 hominum.
1317 1676 1319 1678 ·

42 1757 44 1759 -
103 1725 315 1776 XXXII.
345 1726 473 1775 Huic
502 1743 601 1775 non
631 1726 760 1791 apud
790 1725 989 1791 vulgum
1022 1725 1174 1774 modo
1206 1723 1331 1776 fides

32 1792 156 1853 fuit,
182 1795 262 1843 sed
301 1795 516 1844 senatum
556 1809 751 1859 quoque
785 1793 832 1840 in
881 1794 1060 1841 curiam
1103 1793 1331 1844 introdu-

37 1861 136 1911 Eius
171 1865 356 1911 movit:
388 1880 408 1910 1
444 1861 573 1911 haud
605 1862 715 1909 vani
750 1859 944 1926 quidam
987 1860 1208 1909 homines
1240 1880 1330 1928 pa·

35 1930 133 1980 lam
185 1928 343 1989 ferre,
376 1930 568 1978 Perbene
603 1931 811 1977 deteelam
866 1929 914 1976 in
963 1929 1200 1978 Leontinis
1245 1927 1331 1993 effe

37 2000 282 2047 avaritiam
330 1997 375 2045 δ’
420 1997 720 2045 crudelitatem
766 1998 1107 2044 Romanorum:
1140 1997 1331 2056 eadem,

21 2067 73 2134 fi
94 2064 321 2130 int-raffim
347 2063 600 2131 Syracustzs
619 2102 636 2123 ‚
676 2077 759 2112 aut
777 2061 975 2128 foediora
1011 2065 1145 2111 etiam
1165 2099 1180 2122 ‚
1236 2066 1326 2128 quo

38 2130 187 2198 majus
205 2134 270 2181 ibi
300 2134 503 2181 avaritiae
518 2134 747 2198 praemium
781 2128 880 2193 effic
900 2168 914 2191 ‚
939 2129 1144 2197 faffuros
1170 2128 1331 2197 suffe.

33 2197 199 2266 Itaque
229 2199 519 2249 claudendas
557 2198 709 2247 cuncti
736 2215 926 2264 portas»,
970 2198 1021 2246 ὅ(
1052 2197 1330 2248 custodien-

35 2267 148 2318 dam
187 2269 360 2316 urbem
400 2267 608 2316 censete.
644 2266 741 2316 Sed
776 2285 874 2316 non
911 2266 969 2314 ab
1001 2266 1180 2316 eisdem
1211 2285 1329 2315 om-

100 2365 120 2407 3
153 2355 306 2396 Merito
338 2355 533 2409 primdm,
554 2354 647 2394 dein
711 2368 758 2394 ac
785 2352 879 2394 fidei
909 2367 1047 2394 eorum
1079 2353 1144 2406 qui
1174 2366 1330 2408 cogna-

31 2415 230 2473 pignote]
263 2416 439 2464 Merito,
475 2417 583 2470 quod
603 2417 649 2457 iis
711 2417 824 2456 tione
867 2415 958 2455 illos
988 2414 1214 2455 amicitiave
1254 2415 1330 2471 Sy.-

36 2477 226 2518 militibus
251 2479 373 2519 vitam
404 2477 650 2525 servaffent3
713 2475 855 2517 racufis
869 2475 1173 2531 contingebant.

31 2538 224 2596 pignore,
263 2537 369 2592 quod
402 2539 562 2579 eosdem
586 2539 647 2578 se·
777 2551 794 2578 1
830 2537 951 2577 Haud
983 2535 1109 2588 vani]
1144 2537 1240 2576 Non
1263 2536 1329 2577 le-

37 2613 125 2641 tum
144 2600 340 2640 haberent
367 2610 552 2654 tanquam
581 2610 648 2639 to·
711 2611 783 2639 ves
803 2611 816 2637 .·
839 2599 995 2654 quidam
1016 2598 1137 2640 etiam
1152 2597 1333 2654 pruden-'f

34 2660 157 2704 tidem
169 2660 338 2718 pignora
352 2660 649 2707 benevalentiae
713 2669 818 2704 tum.
