1711 3078
279 122 635 183 LIBER
729 117 1070 178 XXIV.
1216 121 1327 200 265

36 227 227 290 partum
274 215 614 282 firmatumque
666 215 882 265 interiret
930 233 980 265 re
1020 234 1150 267 num.
1203 218 1331 269 Huic
1351 221 1544 273 U.c.53·7.

39 287 239 339 confilio
267 283 370 346 ejus
397 284 579 334 summ&
604 301 700 350 ope
726 282 949 332 obstitere
1009 287 1082 333 liae
1102 323 1115 346 ‚
1149 303 1332 336 nomen
1354 277 1544 328 a·C·2¹52‘·

39 357 225 422 regium
259 369 410 419 penes
443 368 646 418 puerum
683 348 891 399 futurum
926 366 1037 399 ratae
1063 389 1077 411 ‚
1117 355 1335 419 regimen

39 439 198 477 rerum
228 422 445 469 omnium
478 435 626 484 penes
657 419 704 467 se
730 417 952 483 virosque
980 418 1087 466 suos
1112 456 1125 477 ‚
1152 421 1339 469 Andra-

28 491 285 545 [nodorum
323 488 374 536 &
410 486 649 550 Zoippum
682 503 692 534 :
725 502 835 534 nam
872 487 903 533 ii
941 500 1153 535 tutorum
1195 490 1337 553 primi

41 555 448 621 relinquebantur.
492 552 606 601 Non
649 552 788 602 facile
829 565 930 601 erat
972 553 1335 619 nonagesimum

41 623 136 690 jam
167 619 328 690 egenti
354 638 529 670 annum
550 658 562 680 ,
604 619 901 668 circumsesso
933 621 1033 670 dies
1075 620 1335 688 noctesque

43 691 356 741 muliebribus
388 688 629 737 blanditiis
651 724 668 748 ,
707 689 908 737 liberare
942 690 1153 738 animum
1176 726 1189 747 ‚
1221 690 1272 738 &
1308 707 1336 737 2

43 773 332 809 convertere
369 757 428 804 ad
458 756 698 821 publicam
735 757 920 821 privata
956 774 1137 805 curam.
1171 754 1340 821 Itaque

44 840 230 876 tutores
266 824 418 873 modo
455 823 731 888 quindecim
765 839 916 888 puero
955 824 1181 889 reliquit3
1217 842 1340 890 quos

86 910 268 942 recatus
303 891 369 940 est
401 892 612 938 moriens
635 927 652 948 ,
691 905 741 938 ut
775 889 922 938 fidem
958 907 1069 958 erga
1103 893 1340 957 populum

44 912 323 1010 Romanum
346 996 363 1016 ‚
393 957 734 1024 quinquaginta
763 975 914 1006 annos
951 959 1009 1006 ab
1043 958 1088 1007 se
1122 959 1296 1007 cultam
1324 996 1343 1017 ,

43 1029 325 1077 inviolatam
360 1025 602 1074 servarent
626 1062 642 1082 ,
678 1024 1002 1091 juvenemque
1035 1025 1122 1074 suis
1157 1025 1345 1092 potiffi·

45 1098 179 1146 mum
204 1095 414 1160 vestigiis
440 1092 646 1141 insistere
679 1094 862 1142 vellent
894 1108 913 1156 3
949 1093 1301 1161 disciplinaeque
1327 1131 1341 1154 ‚

48 1165 97 1214 in
129 1182 221 1229 qua
248 1161 443 1212 edoctus
471 1159 599 1209 effer.
633 1160 751 1209 Haec
780 1162 1019 1210 mandata.
1056 1162 1226 1226 Quum
1257 1180 1344 1211 ex·-

48 1230 257 1298 spiraffet
276 1270 291 1292 ‚
326 1247 413 1295 per
439 1242 619 1277 tutores
651 1228 935 1277 testamento
967 1230 1157 1292 prolato
1181 1268 1194 1290 ‚
1224 1247 1344 1296 pue-

41 1317 201 1366 ¹toque
223 1302 270 1348 in
294 1298 584 1345 concionem
609 1296 842 1362 producto
864 1295 1000 1362 (erat
1021 1313 1178 1346 autem
1205 1300 1344 1363 quin·

47 1367 206 1418 decim
244 1382 355 1415 tunc
392 1363 544 1412 ferme
584 1362 862 1430 annorum)
901 1365 1063 1429 paucis
1089 1402 1102 1424 ‚
1139 1366 1219 1429 qui
1256 1381 1344 1430 per

49 1436 336 1485 concionem
388 1431 449 1479 ad
504 1433 785 1481 excitandos
839 1433 1073 1480 clamores
1130 1432 1342 1497 dispositi

49 1516 215 1562 erant,
246 1499 623 1567 approbantibus
653 1499 987 1548 testamentum
1012 1538 1024 1558 ,
1055 1503 1226 1548 ceteris
1255 1517 1346 1549 ve-

49 1571 117 1620 lut
151 1585 285 1637 patre
318 1565 481 1616 amiffo
514 1569 560 1618 in
596 1568 715 1616 orba
747 1568 939 1615 civitate
970 1569 1132 1615 omnia
1164 1570 1347 1616 timen-

52 1638 212 1696 tibus',
236 1637 394 1686 ·funus
433 1634 485 1683 fit
520 1638 703 1701 regium
728 1672 742 1694 ‚
777 1637 928 1701 magis
966 1652 1132 1683 amore
1165 1638 1346 1684 civium

53 1707 106 1756 &
128 1707 318 1755 caritate
339 1742 354 1765 ,
388 1702 531 1770 quem
560 1705 669 1751 cur&
693 1702 916 1762 suorum,
950 1703 1158 1751 celebre.
1190 1702 1350 1753 Dein-

52 1773 114 1823 de
153 1790 341 1822 ceteros
389 1786 569 1820 tutores
612 1770 866 1821 submovet
911 1770 1295 1820 Andranodorus
1329 1809 1346 1831 ‚

53 1840 281 1908 juvenem
323 1837 422 1904 jam
457 1837 549 1887 effe
590 1838 804 1886 diffitans
843 1838 1203 1903 Hieronymum
1232 1876 1245 1899 ‚
1290 1857 1348 1888 ac

49 1911 189 1976 ‘regni
223 1920 472 1974 potentem
499 1924 513 1965 3
547 1906 938 1971 deponendoque
971 1908 1168 1955 tutelam
1202 1905 1301 1971 ipse
1327 1943 1347 1965 ‚

54 1994 159 2044 quae
192 1994 297 2024 cum
329 1975 538 2040 pluribus
575 1976 844 2022 communis
873 1988 1007 2034 erat,
1045 1975 1091 2022 in
1122 1973 1169 2023 se
1198 1991 1350 2023 unum

48 2040 272 2095 ¹omnium
305 2045 431 2092 vires
460 2044 718 2091 convertit.

124 2112 193 2160 V.
225 2111 322 2158 Vix
350 2109 544 2176 quidem
578 2110 659 2158 ulli
694 2109 828 2159 bono
859 2109 1211 2176 moderatoque
1247 2110 1351 2177 regi

61 2210 67 2238 L
123 2229 150 2258 2
172 2217 403 2255 Convertere
419 2213 671 2269 adpublz'cam
735 2213 886 2253 edoc‘ius
900 2213 1019 2268 offer]
1046 2215 1194 2255 Melius
1207 2215 1349 2256 fortas-

59 2277 219 2336 privam
239 2277 398 2330 curam]
422 2276 480 2316 lta
499 2275 671 2316 statuere
735 2274 772 2314 se
792 2306 804 2326 ,
837 2275 986 2315 εᾱιιὲἶας
1024 2277 1129 2317 Non
1146 2277 1248 2317 enim
1277 2276 1346 2318 hic

64 2341 116 2381 de
134 2340 256 2380 domo
275 2339 338 2378 sua
355 2365 367 2383 ‚
386 2347 447 2376 ⁴ut
471 2335 672 2390 praecipue
734 2337 864 2391 agitur
899 2338 947 2376 de
981 2337 1157 2377 do&rina
1192 2339 1347 2379 littera·

52 2401 295 2454 :reipublicae
335 2399 586 2448 consuleret,
631 2398 671 2438 &
734 2412 819 2437 rum
840 2399 881 2439 ὅ(
906 2399 1073 2445 artium,
1102 2399 1167 2438 sed
1197 2399 1244 2439 de
1274 2415 1349 2454 pa-

0 2499 1 2503 ,
63 2462 169 2511 {llius
191 2461 329 2501 statum
352 2459 468 2512 hujus
495 2473 677 2500 commo-
738 2459 818 2500 trio
855 2459 896 2501 ὅ(
945 2461 1110 2513 antiquo
1145 2474 1257 2500 more
1304 2475 1352 2502 ac

2 2559 7 2571 ,
67 2524 121 2566 do
142 2531 446 2573 attemperaret.
744 2522 854 2561 cultu
872 2549 886 2566 ‚
913 2521 978 2575 qui
1000 2522 1037 2561 in
1058 2522 1178 2562 domo
1198 2522 1353 2564 HIero-

67 2615 71 2619 .
133 2596 154 2637 3
190 2581 496 2638 Disciplinaeque
531 2581 571 2623 in
605 2597 681 2638 qua
742 2582 803 2624 nis
819 2582 973 2638 semper
996 2583 1199 2638 viguerat.

78 2677 82 2683 -
141 2646 272 2695 Tome
308 2641 399 2692 III.
1057 2641 1120 2692 M
