1675 3083
317 112 1028 178 LrnERXXV.
1200 128 1306 196 353

35 214 135 275 eius
175 214 226 264 δε
264 215 492 266 familiare
529 215 626 281 jam
667 215 846 282 signum
884 234 1030 282 quum
1068 213 1309 263 excitasset
1333 220 1527 269 [λιμοὶ

33 283 229 350 vigilem
252 320 267 343 ,
306 285 504 332 dicentis
527 322 540 344 ‚
574 286 655 332 vix
681 283 898 332 sustinere
928 282 1117 349 grandis
1149 281 1309 330 bestiae
1337 278 1526 326 a.ss.212.

33 367 154 399 onus
174 387 187 409 ‚
217 352 405 416 portula
433 352 643 417 aperitur
670 368 680 398 ε
706 350 965 399 inferentes
993 367 1160 414 aprum
1189 349 1315 398 duos

33 415 237 481 juvenes
270 417 454 467 secutus
493 418 590 483 ipse
623 434 732 466 cum
769 417 1000 482 expedito
1036 431 1273 465 venatore
1295 453 1312 478 ,

32 484 256 549 vigilem,
278 486 508 535 incautius
528 485 757 533 miraculo
778 482 1115 550 magnitudinis
1137 486 1185 531 in
1208 500 1317 542 ρος,

32 554 111 615 'qui
134 549 351 600 ferebant
366 589 379 611 ‚
398 551 587 601 versum
604 589 618 611 ‚
639 552 883 600 venabulo
906 549 1079 614 trajicit
1099 566 1108 597 :
1127 549 1319 616 ingr-effi

34 618 211 666 deinde
238 620 428 686 triginta
454 619 556 669 fere
586 621 787 676 armati,
816 634 1004 667 ceteros
1033 617 1202 684 vigiles
1231 618 1322 666 ob·

32 698 290 745 truncant,
318 685 678 753 refringuntque
712 700 904 751 portam
935 687 1235 750 proximam3
1266 684 1320 732 &

33 769 210 817 agmen
246 752 330 802 sub
360 752 499 820 signis
532 752 782 802 confestim
817 755 984 817 irrupit
1018 770 1028 800 :
1059 752 1169 800 inde
1206 766 1317 799 cum

33 818 223 867 silentio
254 821 303 867 in
333 819 491 868 forum
526 820 653 871 ducii
675 857 688 879 ‚
724 820 952 868 Annibali
983 819 1077 867 sese
1111 817 1318 883 conjun-

37 899 223 934 xerunt.
261 885 389 935 Cum
430 888 618 936 duobus
659 888 866 935 millibus
908 886 1165 935 Gallorum
1204 885 1316 934 Poe·-

32 970 119 1003 nus
143 991 160 1010 ‚
197 955 246 1000 in
278 969 372 1002 tres
405 953 562 1003 divisis
596 969 753 1019 partes
779 992 794 1014 ‚
827 971 914 1019 per
944 953 1112 1002 urbem
1142 953 1318 1003 dimitit

41 1036 62 1087 5
106 1019 435 1081 Tarentinos,
479 1022 530 1071 &
569 1022 738 1082 itinera
779 1022 924 1088 quiam
963 1021 1170 1070 maxime
1214 1020 1317 1070 fre-

33 1090 227 1153 quentia
256 1106 494 1154 occupare
522 1087 658 1153 jubet
683 1107 694 1137 z
718 1090 925 1138 tumultu
952 1105 1060 1138 orto
1082 1126 1097 1149 ‚
1129 1087 1319 1137 Roma-

34 1173 124 1203 nos
155 1154 320 1220 paffim
345 1155 462 1203 caedi
481 1193 495 1216 ,
525 1156 781 1223 oppidanis
806 1157 936 1221 parci
962 1174 972 1203 ε
999 1156 1080 1204 sed
1097 1194 1111 1217 ,
1141 1170 1193 1204 ut
1215 1154 1320 1205 fieri

31 1222 83 1271 id
113 1220 266 1288 posset
289 1260 304 1283 ‚
340 1225 555 1289 praecipit
588 1223 844 1289 juvenibus
877 1223 1152 1273 Tarentinis
1174 1261 1189 1283 ‚
1226 1237 1277 1271 ut
1302 1259 1321 1284 ,

13 1291 115 1338 nbi
154 1307 301 1356 quem
339 1291 528 1340 suorum
567 1293 738 1357 procul
778 1290 998 1340 vidissent
1021 1329 1036 1350 ‚
1073 1288 1321 1356 quiescere

32 1356 86 1406 &
114 1356 250 1406 silere
272 1393 287 1417 ‚
316 1375 371 1406 ac
398 1358 535 1408 bono
563 1360 727 1408 animo
757 1357 853 1408 effe
879 1357 1119 1423 juberent.
1272 1368 1277 1372 “

103 1423 166 1474 Χ.
192 1424 298 1474 Jam
327 1427 555 1475 tumultus
583 1442 684 1476 erat
712 1427 991 1492 clamorque
1009 1464 1025 1486 ‚
1055 1426 1203 1493 qualis
1224 1423 1322 1475 esse

31 1491 82 1541 in
114 1508 251 1558 capta
281 1492 399 1542 urbe
446 1494 604 1554 solet;
635 1494 718 1544 sed
748 1494 862 1561 quid
890 1496 958 1543 rei
987 1492 1100 1543 effet
1120 1531 1138 1552 ,
1170 1510 1323 1542 nemo

32 1558 140 1608 satis
168 1561 257 1626 pro
288 1574 421 1611 certo
448 1560 579 1612 scire.
605 1561 858 1615 Tarentini
883 1562 1138 1611 Romanos
1168 1560 1229 1609 ad
1256 1560 1326 1609 di·

34 1628 302 1692 ripiendam
350 1630 520 1678 urbem
566 1630 765 1680 credere
805 1643 1043 1689 coortos;
1086 1628 1325 1678 Romanis

35 1693 209 1746 seditio
242 1696 400 1761 aliqua
443 1714 552 1745 cum
583 1697 747 1747 fraude
781 1698 936 1748 videri
972 1697 1035 1747 ab
1069 1696 1326 1763 oppidanis

36 1778 187 1811 mota.
222 1779 242 1810 1
273 1762 524 1813 PraefeElus
555 1768 711 1830 primo
742 1767 969 1815 excitatus
999 1765 1204 1814 tumultu
1225 1801 1239 1825 ‚
1273 1765 1326 1812 in

35 1845 231 1897 portum
261 1828 425 1897 effugit
455 1848 466 1878 ε
497 1833 643 1891 inde,
678 1847 898 1898 acceptus
928 1832 1100 1897 scaphii
1121 1866 1145 1892 ‚⁴
1165 1834 1213 1880 in
1247 1848 1325 1880 ar-

17 1913 146 1947 cem
191 1898 576 1949 circumvehitur.
617 1899 880 1950 Terrorem
918 1901 970 1949 &
1007 1901 1122 1948 tuba
1163 1898 1326 1946 audita

17 1980 97 2028 *ex
130 1964 322 2013 theatro
354 1964 562 2015 faciebat
594 1983 605 2014 ε
633 1985 745 2016 nam
778 1968 831 2017 &
863 1967 1086 2017 Romana
1119 1980 1220 2015 erat
1245 2002 1258 2024 ‚
1297 1982 1328 2013 a

38 2033 367 2098 proditoribus
405 2033 465 2080 ad
501 2034 594 2083 hoc
630 2035 782 2100 ipsum
817 2049 1119 2102 praeparata3
1161 2033 1214 2082 &
1250 2035 1326 2080 in-

16 2099 241 2153 ¹scienter
273 2118 299 2149 a
331 2099 511 2150 Graeco
540 2102 702 2151 inflata
725 2140 740 2160 ,
774 2104 877 2169 quis
898 2140 914 2164 ‚
945 2116 1024 2151 aut
1056 2101 1228 2166 quibus
1260 2098 1343 2149 fis

35 2183 184 2234 gnum
220 2167 389 2229 daret,
424 2169 662 2218 incertum
697 2168 956 2218 efficiebat.
993 2169 1094 2218 Ubi
1128 2168 1279 2216 illuxit
1306 2204 1326 2228 ‚

37 2237 94 2284 &
132 2233 368 2283 Romanis
399 2234 572 2285 Punica
614 2237 668 2286 &
703 2236 891 2286 Gallica
926 2255 1057 2285 arma
1096 2237 1327 2302 cognita,

35 2315 139 2352 tum
177 2302 530 2353 dubitationem
569 2319 854 2355 exemerunt
883 2321 898 2365 ;
935 2304 985 2354 &
1015 2302 1175 2352 Graeci
1212 2302 1326 2351 Ro-

101 2419 122 2457 5
156 2406 422 2460 Tarentinos]
459 2406 648 2461 intellige
711 2418 771 2445 tus
787 2405 987 2458 tumultu]
1019 2403 1210 2458 Polybius
1233 2417 1327 2443 nar-

21 2468 229 2523 ·quosdam
256 2481 306 2507 ex
336 2467 552 2520 conjuratis
569 2495 581 2513 ,
606 2477 650 2508 ut
711 2477 773 2507 rat
791 2480 881 2507 eum
908 2465 1094 2506 hesterno
1116 2474 1325 2519 gravatum

39 2529 194 2570 disertis
218 2528 348 2569 verbis
377 2528 499 2570 docet
526 2527 651 2583 Poly·
711 2541 826 2568 mero
857 2537 941 2567 tum
977 2525 1146 2568 maxime
1179 2539 1329 2580 περιῇς

39 2590 147 2648 hius.
712 2589 790 2630 lam
813 2585 1040 2631 edormiffe.

102 2661 123 2693 1
144 2647 486 2706 Praeferlusprimo
504 2646 653 2690 excisa-
