1684 3088
341 139 420 193 42
609 124 1324 203 ‚T11-1L1v11

130 211 318 279 U·9-534·
341 234 484 282 quam
509 219 720 274 Annibal
743 228 801 277 ab
822 230 923 296 ripa
941 232 1166 284 Rhodani
1184 240 1340 286 movit
1356 275 1373 297 ‚
1393 240 1630 306 quadrato

130 270 317 312 ²·(⁴·218·
338 287 530 350 agmine
548 290 606 338 ad
632 293 773 344 castra
798 297 998 348 hostium
1019 314 1244 362 venerat,
1266 307 1441 354 nullam
1475 310 1624 359 dimi·

336 353 475 401 candi
530 374 716 409 moram
770 361 1280 432 fa&urus:ceterum,
1321 374 1400 422 ubi
1443 376 1622 428 deserta

333 422 664 484 munimenta,
702 447 791 478 nec
839 432 978 482 facile
1034 436 1078 485 se
1119 452 1302 487 tantum
1342 443 1620 508 praegreffos

330 485 647 541 assecuturum
683 498 816 546 videt
844 537 858 559 ‚
896 502 955 549 ad
997 510 1126 553 mare
1160 525 1213 554 ae
1259 526 1404 558 naves
1444 512 1618 572 rediit3

332 557 474 603 tutius
523 559 796 628 faciliusque
846 569 911 617 ita
964 569 1274 636 descendenti
1309 577 1368 624 ab
1413 576 1622 643 Alpibus

326 620 558 673 Annibali
603 632 887 684 occursurus,
942 635 1019 686 Ne
1055 657 1217 689 tamen
1265 644 1392 691 nuda
1438 648 1620 695 auxiliis

325 687 561 742 Romanis
593 696 817 762 Hispania
841 701 955 751 esset
977 742 989 762 ‚
1016 723 1158 771 quam
1184 713 1485 773 provinciam
1513 712 1618 761 sor-

322 757 436 805 titus
468 776 567 810 erat
591 800 605 822 ‚
640 763 737 814 Cn.
764 767 1042 835 Scipionem
1067 773 1261 824 fratrem
1286 795 1393 825 cum
1410 782 1618 830 maxima

320 839 458 888 parre
481 833 726 894 copiarum
749 836 976 888 adversus
999 841 1318 892 Asdrubalem
1338 845 1491 905 misit3
1514 865 1614 897 non

320 892 381 938 ad
402 897 626 946 tutandos
646 907 982 956 tantummodo
1011 926 1202 959 veteres
1229 911 1382 960 socios
1403 951 1417 972 ‚
1451 917 1617 963 conci·

320 957 600 1029 liandosque
632 986 790 1019 novos
812 1010 825 1032 ‚
844 974 924 1022 sed
944 978 1088 1025 etiam
1116 979 1174 1026 ad
1204 981 1482 1044 pellendum
1504 981 1614 1031 His·-

320 1029 462 1090 pania
491 1032 809 1087 Asdrubalem
829 1058 838 1087 ε
861 1041 961 1106 ipse
991 1041 1099 1093 cum
1137 1047 1403 1095 admodum
1431 1051 1614 1115 exiguis

323 1098 473 1159 copiis
509 1098 733 1150 Genuam
772 1111 978 1173 repetit,
1011 1129 1104 1172 eo,
1148 1116 1228 1179 qui
1268 1117 1391 1164 circa
1427 1116 1610 1168 Padum

119 1165 298 1210 Annibal
322 1176 422 1210 erat
444 1201 457 1223 ‚
489 1173 697 1217 exercitu
745 1171 931 1223 Italiam
967 1178 1260 1229 defensurus.
1305 1182 1516 1232 Annibal
1548 1187 1608 1234 ab

109 1228 247 1279 transit
319 1227 557 1282 Druentia
577 1239 827 1302 campestri
853 1246 1059 1294 maxime
1085 1249 1254 1296 itinere
1292 1267 1310 1296 1
1349 1269 1457 1298 cum
1479 1252 1609 1302 bona

105 1291 248 1346 Alpe&
318 1313 439 1361 pace
473 1301 532 1348 ad
571 1304 724 1368 Alpes
759 1309 1072 1361 incolentium
1119 1333 1174 1364 ea
1205 1316 1311 1364 loca
1351 1317 1610 1369 Gallorum

313 1371 555 1429 pervenit.
588 1369 717 1421 Tum
743 1409 758 1434 ,
808 1394 1099 1447 quamquam
1143 1382 1270 1432 fama
1310 1386 1437 1449 prius
1469 1385 1605 1454 (quii

313 1432 497 1484 incerta
528 1438 575 1486 in
606 1439 758 1506 majus
790 1461 909 1496 vero
942 1447 1056 1498 ferri
1080 1450 1278 1518 solent)
1309 1469 1335 1500 2
1362 1470 1607 1522 praecepta

310 1516 386 1550 res
407 1512 507 1553 er‘at
530 1542 546 1565 ‚
567 1521 726 1560 tamen
754 1527 813 1562 ex
845 1520 1121 1585 propinquo
1140 1520 1237 1570 visa
1262 1525 1501 1572 montium
1532 1526 1606 1574 al-

309 1569 466 1618 titudo
485 1609 498 1632 ,
527 1575 756 1642 nivesque
776 1583 905 1631 coelo
927 1588 1082 1653 prope
1101 1590 1330 1638 immixtae
1346 1627 1360 1650 ,
1388 1591 1508 1640 tesia
1529 1595 1602 1640 in·-

308 1633 483 1686 formia
515 1641 736 1707 imposita
788 1651 1013 1715 rupibus,
1065 1672 1243 1720 pecora
1283 1655 1599 1726 jumentaque

307 1706 489 1755 torrida
517 1708 725 1776 frigore,
754 1714 973 1769 homines
999 1723 1170 1772 intonsi
1192 1724 1242 1772 &
1264 1725 1454 1786 inculti,
1491 1731 1602 1777 ani-

305 1772 450 1821 malia
496 1775 803 1848 inanimaque
835 1789 999 1837 omnia
1029 1792 1228 1857 rigentia
1264 1793 1403 1858 gelu,
1436 1809 1599 1847 cetera

303 1838 404 1887 visu
420 1878 433 1900 ‚
449 1842 592 1907 quam
614 1847 737 1898 dina
754 1888 769 1908 ,
789 1851 995 1904 foediora
1009 1895 1024 1917 ‚
1039 1873 1274 1908 terrorem
1288 1877 1599 1915 renovarunt.

301 1902 606 1974 Erigentibus
640 1917 688 1964 in
726 1921 909 1982 primos
948 1941 1121 1990 agmen
1161 1927 1314 1976 clivos
1351 1946 1594 1994 apparue-

301 1990 412 2022 runt
442 1977 751 2034 imminentes
789 1991 1000 2039 tumulos
1046 1993 1301 2043 insidentes
1340 2001 1594 2060 montani3

298 2043 414 2106 qui,
451 2043 485 2091 fi
522 2049 673 2098 valles
710 2056 994 2107 occultiores
1019 2061 1322 2121 insedissent,
1360 2068 1514 2113 coorti
1533 2065 1592 2118 'in

295 2124 511 2173 pugnam
541 2120 740 2181 repente
779 2122 1028 2190 ingentem
1073 2129 1236 2195 fugam
1289 2127 1591 2198 stragemque

294 2174 548 2230 dedissent,
583 2183 791 2236 Annibal
811 2192 1059 2245 consistere
1081 2195 1206 2263 signa
1226 2194 1361 2260 jubet
1380 2236 1394 2257 ‚
1417 2197 1590 2250 Gallis·

297 2259 394 2307 que
422 2246 483 2294 ad
512 2248 704 2301 visenda
734 2255 840 2305 loca
864 2261 1136 2325 praemissis,
1170 2263 1420 2330 postquam
1450 2285 1589 2317 com-

292 2313 419 2375 perit
446 2316 689 2368 transitum
708 2338 764 2370 ea
782 2343 880 2374 non
907 2328 1000 2378 esse
1023 2367 1036 2391 ,
1066 2330 1210 2379 castra
1238 2333 1361 2380 inter
1394 2335 1585 2387 confra-

291 2378 408 2444 gosa
450 2387 614 2436 omnia
675 2405 1036 2463 praeruptaque,
1076 2398 1220 2465 quam
1266 2400 1585 2460 extentissimii>

360 2475 375 2503 1
394 2465 485 2506 Cam
514 2468 616 2511 bona
640 2488 741 2526 pace
761 2479 813 2518 ad
830 2480 906 2518 Al·
965 2494 1104 2537 pertus
1122 2488 1143 2525 ἐι
1164 2485 1311 2527 Gallis.

284 2525 377 2579 pes]
397 2525 585 2570 Pervenit
603 2534 650 2572 ad
669 2535 794 2589 Alpes
814 2554 901 2580 cum
1028 2558 1052 2585 2
1073 2546 1306 2601 Praecepta]
1326 2547 1429 2590 Ante
1448 2551 1578 2596 aniiuo

287 2583 394 2624 bona
412 2601 510 2638 pace
535 2590 742 2635 Gallorum
761 2627 772 2646 ,
802 2600 900 2642 nihil
964 2617 1076 2662 capta
1099 2635 1109 2657 ‚
1137 2609 1401 2666 praecognita·

286 2648 481 2690 tumultus
511 2665 588 2694 nec
607 2658 794 2704 molestiae
828 2675 899 2704 ex-
