1726 3073
341 112 693 167 LIBER
774 91 1022 153 XXI.
1268 96 1341 158 45

62 210 214 280 {eustos
241 202 462 272 capit‚&
486 215 509 266 3
543 195 844 262 captivorum
871 185 1129 253 pecoribus
1152 196 1237 246 per
1267 179 1353 226 tri·
1372 185 1561 238 U.c.534‚

67 281 215 329 duum
234 273 495 325 exercitum
516 266 628 314 aluit
658 278 670 309 ε
705 260 757 308 &
790 258 898 322 quia
929 272 960 313 4
990 269 1080 299 nec
1117 246 1356 296 montanis
1376 240 1564 285 melus.

67 344 229 414 primb
255 336 476 408 perculsis
494 370 508 393 ‚
532 348 622 380 nec
649 328 764 376 loco
800 334 1094 387 magnopere
1123 313 1363 378 impedie-

70 417 244 465 bantur
269 446 284 465 ,
317 407 612 470 aliquantum
645 411 707 443 eo
749 391 907 439 triduo
937 390 1024 434 viae
1066 381 1291 431 confecit.

144 474 386 528 XXXIV.
413 470 701 518 Perventum
724 457 834 507 inde
858 456 916 503 ad
935 454 1240 518 frequentem
1268 444 1366 493 cul·

78 548 264 597 toribus
287 543 429 590 alium
448 575 462 596 ‚
479 549 528 582 ut
555 536 679 580 inter
704 541 958 581 montana,
1000 519 1262 584 populum:
1301 513 1370 558 ibi

68 620 179 665 ‘non
226 610 358 659 bello
406 617 576 668 aperto
604 636 619 658 ‚
658 595 738 644 sed
774 593 864 640 suis
908 589 1084 636 artibus
1117 620 1131 644 ‚
1166 579 1332 629 fraude
1354 614 1370 637 ,

83 680 259 731 deinde
292 673 467 724 insidiis
503 667 567 717 est
589 663 741 731 prope
778 662 1151 707 circumventus.
1186 647 1374 712 Magno

85 764 201 800 natu
238 743 474 811 principes
503 732 801 783 castellorum
832 739 1047 772 oratores
1087 718 1148 767 ad
1172 715 1377 764 Poenum

89 818 321 867 veniunt:
355 806 543 857 Alienis
578 800 741 855 malis,
776 794 882 841 utili
924 787 1126 852 exemplo
1147 823 1161 845 ,
1197 786 1381 839 doaelos,

92 891 418 934 memorantes
437 910 451 932 ‚
484 869 731 918 amicitiam
755 862 890 908 malle
914 895 928 916 .,
963 858 1097 921 qudm
1120 855 1207 902 vim
1246 866 1385 914 expe-

96 952 176 1001 riri
192 950 429 998 Pomorum
447 957 458 987 :
477 940 626 1001 itaque
649 931 899 981 obedienter
917 919 1348 990 imperatafczbluros
1372 931 1384 963 ε

99 1028 384 1068 commeatum
406 1003 661 1068 itinerisq11e
689 1001 827 1046 duces
850 1032 865 1052 ,
890 994 934 1042 6³
954 992 1164 1055 adfidem
1195 982 1386 1051 promis-

91 1087 242 1154 fhrum
275 1079 442 1144 obfides
464 1075 702 1136 acciperet.
730 1061 942 1112 Annibal
964 1076 1052 1107 nec
1079 1070 1261 1104 temere
1283 1066 1389 1100 cre-

101 1151 297 1206 dendo,
332 1161 422 1193 nec
460 1133 759 1205 aspernando
794 1167 812 1190 ‚
836 1145 897 1178 ne
950 1124 1188 1191 repudiati
1225 1116 1392 1185 aperte

104 1218 262 1270 hostes
287 1213 486 1268 fierent,
521 1202 729 1270 benigne
754 1213 899 1266 quum
933 1188 1272 1258 respondisset,
1305 1185 1396 1234 ob-

109 1287 280 1338 fidibus
297 1320 310 1340 ,
340 1296 462 1346 quos
486 1274 663 1323 dabant
682 1306 696 1327 ,
727 1264 938 1329 acceptis
956 1299 971 1322 ‚
1000 1262 1050 1309 8(
1081 1268 1358 1306 commeatu
1381 1288 1396 1312 ‚

109 1370 256 1422 quem
286 1351 334 1404 in
364 1349 491 1395 viam
535 1338 621 1406 ipsi
671 1334 941 1384 detulerant
976 1364 992 1387 ‚
1036 1325 1174 1387 usus,
1206 1338 1397 1387 nequa-

114 1437 257 1489 quam
276 1453 292 1477 a
320 1430 370 1465 ut
406 1415 527 1461 inter
571 1417 767 1473 pacatos
794 1439 804 1455 ,
828 1393 1153 1460 incomposito
1208 1391 1399 1456 agmine

117 1492 259 1541 duces
290 1498 458 1533 eorum
487 1477 709 1540 sequitur.
729 1469 937 1518 Primum
961 1477 1134 1530 agmen
1168 1458 1403 1522 elephan-

116 1559 226 1608 ti&
254 1553 441 1618 equites
469 1557 637 1595 erant:
674 1539 770 1603 ipse
792 1532 897 1600 pbst
931 1549 1038 1580 cum
1059 1528 1237 1578 robore
1266 1524 1405 1590 pedi-

107 1622 222 1674 ‘tum
242 1661 254 1681 ‚
271 1610 665 1679 circumspee’cans
679 1599 991 1666 sollicitusque
1010 1597 1171 1646 omnia
1188 1591 1409 1653 ‚incede-

120 1695 220 1743 bat.
257 1688 359 1738 Ubi
393 1687 442 1733 in
473 1676 794 1746 angustiorem
828 1672 954 1719 viam
989 1683 1047 1714 ex
1091 1677 1226 1729 parte
1263 1660 1412 1708 altera

127 1756 383 1821 subjeetam
414 1751 530 1817 jugo
565 1744 753 1808 insuper
785 1735 1054 1787 imminenti
1084 1744 1286 1780 ventum
1318 1724 1414 1784 est,

129 1827 340 1890 undique
367 1839 426 1870 ex
460 1815 635 1865 insidiis
664 1807 849 1857 barbari
870 1823 896 1852 a
930 1801 1091 1851 fronte
1133 1835 1148 1858 ‚
1179 1798 1237 1845 ab
1275 1809 1416 1859 tergo

130 1895 313 1953 coorti,
335 1888 551 1938 cominus
572 1919 587 1940 ,
625 1879 810 1927 eminus
839 1884 1041 1933 petunt:
1066 1865 1173 1915 saxa
1205 1863 1420 1929 ingentia

134 1965 181 2011 in
219 1974 390 2026 agmen
415 1950 704 2002 devolvunt.
733 1941 947 1991 Maxima
976 1935 1034 1984 ab
1062 1949 1201 1999 terge
1231 1933 1303 1979 vis
1324 1930 1422 1977 ho-

135 2031 318 2081 minum
344 2022 575 2090 urgebatz
621 2032 640 2063 1
677 2015 726 2061 in
761 2026 845 2059 eos
878 2003 1010 2056 versa
1046 2003 1265 2069 peditum
1296 1998 1426 2048 acies

203 2112 489 2167 3C21peivorum
508 2099 742 2159 pecoribus]
809 2094 969 2151 paruit,
1005 2075 1056 2131 eit
1094 2099 1238 2141 magno
1275 2083 1427 2123 scilicet

139 2176 319 2222 Videtur
344 2168 488 2212 dediffe
520 2164 660 2205 Livius
683 2162 749 2201 vel
811 2158 1014 2212 plenoque
1040 2146 1209 2204 periculi
1243 2142 1431 2184 certami-

143 2236 306 2293 captivis
332 2229 559 2288 pecoribus,
596 2225 662 2265 vel
687 2235 749 2262 ca·
814 2233 893 2264 ne,
933 2217 1138 2268 ingentem
1174 2209 1215 2248 in
1244 2220 1294 2245 eo
1329 2205 1429 2244 saltu

144 2299 256 2355 ptivo
273 2308 426 2350 pecore.
817 2278 970 2320 cladem
999 2269 1270 2325 accipiendam
1291 2263 1401 2305 fuiffe
1419 2291 1431 2310 ‚

195 2373 222 2408 4
241 2345 753 2403 Necmontanisprirnbper-
817 2339 885 2386 nisi
910 2336 1061 2376 firmata
1089 2330 1220 2371 valido
1250 2325 1430 2381 praesidio

151 2417 292 2473 cnlfis]
327 2412 501 2457 Fortaffe
535 2409 675 2449 melius
695 2405 756 2444 vi·
819 2410 998 2442 extrema
1050 2391 1214 2447 agminis
1257 2387 1432 2427 fuissent.

154 2485 317 2533 deretur
349 2475 483 2530 praelio
498 2470 631 2526 percul
651 2482 696 2506 ις.
740 2495 746 2502 .
823 2461 930 2502 Tunc
952 2469 1122 2512 quoque,
1145 2452 1183 2492 id
1202 2449 1280 2494 est,
1312 2460 1432 2500 atque

219 2555 239 2583 1
272 2538 320 2578 Ia
353 2551 417 2577 eos
446 2529 556 2588 versa
592 2528 763 2584 peditum
825 2522 944 2563 etiam
973 2519 1069 2557 licet
1099 2511 1280 2554 firmasset
1297 2509 1435 2563 pedite

157 2605 259 2645 acies
279 2600 378 2640 haud
407 2595 557 2636 dubium
570 2589 697 2644 fecit]
718 2589 764 2626 ln
826 2580 1000 2623 Annibal
1034 2587 1212 2619 extrema
1246 2570 1436 2629 agminis,

156 2681 228 2712 eos
248 2659 361 2706 versis
381 2658 558 2715 peditum
576 2652 676 2703 acie,
697 2663 766 2705 ap·
828 2655 978 2691 tamen.
1000 2670 1011 2685 .
1030 2666 1044 2690 9
