1684 3088
316 201 439 280 ἐι-38
643 189 1364 255 T111L1v11·

109 302 303 365 {lq-537·
323 300 372 349 in
403 295 707 349 oblivionem
732 290 952 345 veniret,
981 300 1074 350 qua
1102 297 1163 331 ex
1189 279 1468 331 conditione
1499 267 1667 345 quis-³³

113 360 420 435 a‘(‘·2¹5·que
447 364 564 416 esset
591 363 729 412 miles
753 357 921 408 factus.
953 352 1075 401 Haec
1106 351 1272 417 agenti
1295 346 1518 397 Graccho
1550 335 1645 401 le-‚³

323 438 424 504 gati
457 431 669 485 Cumani
700 427 974 476 nuntiarunt
995 457 1010 480 ‚
1048 434 1155 485 quae
1188 435 1215 465 a
1246 414 1511 480 Campanis
1542 405 1671 478 le-'s'f

323 504 456 571 gatio
485 515 668 569 paucos
698 510 808 545 ante
839 491 942 540 dies
967 485 1202 546 venisset,
1231 483 1283 534 &
1311 483 1427 550 quid
1453 484 1507 529 iis
1536 479 1624 547 ipfi
1658 503 1659 506 =

319 565 671 638 respondissent
703 560 952 613 :triduum
991 553 1098 621 post
1132 570 1244 603 eum
1283 551 1412 599 diem
1449 547 1668 603 festumg

322 638 419 690 esse
446 657 459 687 ε
488 652 591 685 non
618 633 833 683 senatum
861 626 1014 675 solum
1047 637 1246 671 omnem
1278 618 1344 667 ibi
1377 617 1588 666 futurum
1606 652 1625 677 ‚
1648 611 1669 622 ”

320 703 406 757 sed
427 704 575 756 castra
595 703 743 751 etiam
763 698 816 747 &
839 694 1101 744 exercitum
1123 686 1447 752 Campanum.
1468 683 1627 734 Grac·
1649 703 1652 706 ·

320 776 441 825 chus
462 810 478 834 ‚
512 769 641 837 juffis
668 764 903 816 Cumanis
936 760 1099 810 omnia
1128 772 1188 807 ex
1216 757 1338 822 agris
1367 755 1417 802 in
1453 752 1626 802 urbem
1666 800 1670 804 ,

322 841 639 898 convehere,
673 835 730 885 &
767 846 963 883 manere
1000 829 1121 876 intra
1157 840 1320 872 muros
1345 857 1361 881 ,
1395 819 1494 887 ipse
1530 823 1653 885 pri--

324 911 405 960 die
429 946 444 970 ‚
474 907 618 976 quam
651 902 823 953 statum
854 893 1129 948 sacrificium
1166 890 1431 957 Campanis
1465 886 1582 937 effet
1612 923 1628 947 ,
1683 935 1684 946 ¹

324 978 514 1029 Cumas
553 983 727 1025 movet
767 966 931 1019 castra.
979 962 1152 1012 Hamae
1193 959 1307 1008 inde
1352 958 1442 1006 tria
1480 956 1631 1005 millia
1683 961 1684 1015 s

324 1045 544 1113 passuum
580 1039 767 1090 absunt.
811 1035 921 1086 Jam
955 1027 1198 1095 Campani
1243 1027 1303 1077 eo
1345 1023 1628 1090 frequentes

324 1131 391 1164 ex
420 1108 696 1178 composito
722 1111 1053 1155 convenerant
1074 1132 1088 1155 ,
1117 1111 1207 1145 nec
1236 1094 1404 1160 procul
1432 1091 1545 1140 inde
1575 1092 1626 1140 in
1683 1090 1684 1143 l

325 1181 526 1233 occulto
564 1176 748 1227 Marius
788 1168 943 1221 Alfius
985 1163 1329 1216 Medixtuticus
1365 1158 1387 1228 (
1422 1159 1631 1208 summus
1683 1147 1684 1217 ᾗ

326 1247 625 1316 magistratus
658 1255 760 1293 erat
790 1233 1054 1303 Campanis
1077 1231 1098 1298 )
1124 1248 1233 1280 cum
1261 1228 1628 1297 quatuordecim
1683 1232 1684 1241 ¹

325 1317 539 1367 millibus
583 1324 878 1363 armatorum
917 1301 1126 1353 habebat
1163 1295 1310 1347 castra
1339 1335 1354 1358 ,
1402 1294 1628 1358 sacrificio

323 1382 608 1452 apparando
632 1418 647 1441 ‚
685 1378 737 1428 &
767 1376 893 1425 inter
925 1371 976 1421 id
1009 1365 1298 1419 instruendae
1340 1364 1494 1413 fraudi
1531 1364 1648 1413 ali-‘
1683 1369 1684 1373 ’

328 1452 514 1521 quanto
541 1448 807 1504 intentior,
843 1439 986 1510 quam
1019 1434 1291 1486 muniendis
1325 1431 1480 1480 castris
1502 1468 1516 1490 ‚
1548 1446 1630 1481 aut
1661 1434 1684 1472 'l

325 1522 412 1570 ulli
452 1519 641 1569 militari
682 1513 838 1580 operi.
876 1525 899 1575 3
935 1505 1174 1556 Triduum
1212 1498 1524 1550 sacrificatum
1564 1498 1627 1548 ad
1660 1493 1684 1538 ’π

327 1589 531 1640 Hamas.
576 1581 878 1634 No&urnum
922 1588 1023 1626 erat
1063 1572 1245 1622 sacrum
1271 1604 1286 1630 ‚
1328 1569 1393 1616 ita
1432 1580 1482 1617 ut
1518 1581 1632 1617 ante
1682 1543 1684 1614 l

330 1657 542 1707 mediam
585 1651 780 1702 nosstem
821 1643 1165 1711 compleretur.
1212 1636 1340 1685 Huic
1375 1634 1631 1686 Gracchus

328 1722 648 1775 insidiandum
678 1715 893 1781 tempori
922 1727 1048 1761 ratus
1068 1747 1082 1770 ,
1115 1704 1387 1756 custodibus
1423 1703 1484 1752 ad
1515 1720 1629 1768 por-

329 1808 400 1843 tas
432 1790 593 1858 positis
616 1826 630 1849 ‚
664 1804 725 1835 ne
751 1785 856 1851 quis
883 1780 1132 1831 enuntiare
1162 1771 1315 1841 posset
1349 1786 1513 1838 coepta
1532 1807 1547 1830 ,
1575 1771 1632 1820 &

328 1862 390 1912 ab
434 1861 625 1910 decima
662 1855 758 1903 diei
789 1853 912 1900 hora
947 1843 1121 1897 coaffis
1157 1841 1387 1890 militibus
1423 1855 1631 1903 corpora

327 1945 495 1981 curare
518 1966 532 1989 ‚
563 1925 832 1986 somnoque
864 1931 1065 1983 operam
1096 1910 1209 1960 dare
1231 1946 1245 1969 ‚
1278 1923 1329 1956 ut
1360 1907 1524 1973 primis
1554 1922 1630 1955 te-

328 1998 490 2053 nebris
536 1992 803 2042 convenire
849 1986 911 2035 ad
962 1982 1147 2050 signum
1196 1974 1421 2043 possent,
1466 1972 1630 2040 vigili&

326 2065 486 2115 ferme
525 2058 681 2125 prima
712 2056 818 2106 tolli
852 2050 977 2119 juffit
1014 2049 1143 2115 signa
1170 2083 1184 2104 ,
1217 2043 1470 2107 silentique
1509 2059 1634 2106 pro-

184 2160 318 2211 castm
334 2131 484 2183 seclus
519 2129 708 2196 agmine
734 2162 750 2183 ‚
779 2139 937 2188 quum
977 2118 1037 2167 ad
1071 2115 1251 2164 Hamas
1287 2111 1448 2160 media
1483 2108 1626 2158 nocie

128 2222 300 2277 Cmpa-
335 2197 624 2269 pervenisset
650 2231 665 2249 ,
709 2190 853 2241 castra
883 2187 1133 2252 Campana
1156 2218 1171 2240 ‚
1209 2196 1259 2228 ut
1292 2181 1339 2227 in
1373 2177 1629 2243 pervigilio

129 2300 180 2322 na
207 2285 316 2323 inva-
337 2265 550 2335 neglecta
579 2302 593 2323 ,
632 2260 767 2310 fimul
804 2256 1025 2307 omnibus
1062 2249 1213 2318 portis
1251 2246 1432 2295 invadit
1466 2261 1478 2293 :
1509 2246 1629 2292 alios

126 2343 320 2385 dicGrac-
337 2337 511 2388 somno
547 2331 715 2380 stratos
739 2365 755 2389 ‚
788 2327 908 2376 alios
938 2331 1217 2390 perpetrato
1251 2314 1383 2363 sacro
1421 2314 1630 2361 inermes

127 2408 233 2449 chus.
501 2441 509 2449 ,
726 2434 734 2442 .
1126 2422 1133 2430 .
1451 2414 1460 2424 .
1545 2412 1554 2421 .

400 2428 955 2497 3Τιίι1ιιιιηιῙαενιῂεατιιηιαᾱ
1016 2424 1152 2465 debutt
1185 2434 1266 2462 rem
1298 2415 1462 2472 aggredi
1495 2426 1626 2467 pruno

337 2504 509 2557 Hamas]
524 2497 750 2544 Verisimile
768 2507 847 2534 non
867 2491 919 2529 est
936 2517 947 2536 ,
1014 2497 1175 2539 quoque
1192 2492 1392 2534 tempore,
1415 2490 1463 2516 ne
1483 2474 1627 2515 insidiae

341 2566 599 2610 Gracchum,
619 2559 684 2614 qui
699 2556 825 2612 pridie
843 2552 947 2592 istius
1012 2548 1313 2601 detegerentur.
1344 2538 1538 2580 videmur
1567 2537 1631 2576 le-

339 2626 521 2670 sacrificii
551 2625 628 2678 jam
662 2626 846 2660 moverat
862 2612 950 2652 Cu-
1021 2622 1117 2665 gere
1136 2607 1283 2646 debere
1296 2598 1593 2657 sacrficandum
1610 2623 1624 2644 ,

341 2703 424 2731 mas
447 2716 459 2734 ,
486 2686 570 2740 post
590 2682 763 2723 triduum
794 2678 954 2717 demum
1021 2668 1157 2718 idest,
1179 2663 1387 2714 sacrificari
1414 2674 1498 2702 mos
1526 2668 1630 2700 exat.

340 2746 818 2806 oppreffiffeCampanos:
835 2738 954 2780 immo
