1684 3088
360 83 472 145 288
639 86 1327 154 T1T1L1V11

146 185 331 236 U.C.528.
353 181 433 241 se,
471 181 718 246 dicendo5
747 202 778 246 4
812 188 920 264 quia
951 206 1124 258 magna
1156 192 1297 243 farnae
1316 210 1563 248 momenta
1592 197 1653 249 ἰή

138 240 335 293 ‘dac-214-
349 263 601 317 utramque
631 269 817 319 partem
837 260 1045 315 herent,
1085 263 1270 322 tenuit,
1305 280 1367 313 ne
1401 266 1534 314 irrito
1578 268 1647 314 in-

348 331 493 382 cepto
527 323 752 372 abiretur.
774 322 946 372 Vineae
970 326 1084 375 inde
1114 331 1374 396 omniaque
1405 334 1494 381 alia
1519 350 1645 398 ope-

343 402 450 433 rum
492 389 1003 458 machinationumque
1049 411 1229 459 genera
1275 415 1423 464 quum
1466 401 1644 450 admo-

339 469 570 504 verentur
593 495 609 518 ,
665 456 1002 526 Campanique
1050 462 1248 513 Fabium
1304 483 1494 516 orarent
1516 505 1530 527 ,
1586 481 1638 517 ut

340 521 471 572 abire
518 523 742 591 Capuam
779 528 884 576 tuto
937 528 1136 591 liceret3
1185 535 1347 598 paucis
1410 534 1599 601 egreffis
1620 547 1645 597 ,“

342 588 605 640 Marcellus
642 609 868 656 portam,
904 598 998 661 qua
1035 600 1413 664 egrediebantur
1439 640 1454 662 ‚
1487 620 1635 653 occu-

340 659 508 722 pavit,
552 660 797 726 caede-sque
826 663 1094 727 promiscue
1118 670 1336 717 omnium
1367 671 1490 718 circa
1519 689 1636 737 por-

339 739 440 773 tam
470 728 659 792 primo,
695 729 870 779 deinde
894 767 910 790 ,
933 732 1203 796 irruptione
1235 736 1381 796 facta,
1402 740 1548 787 etiam
1583 741 1632 788 in

339 794 459 841 urbe
493 793 593 843 fieri
626 810 787 863 coepta
818 796 900 848 est.
938 798 1304 869 Quinquaginta
1336 804 1440 854 fere
1476 808 1636 871 primo

338 860 504 926 egressi
550 861 919 930 Campanorum
961 884 1110 933 quum
1163 872 1225 920 ad
1274 873 1476 922 Fabium
1509 892 1632 924 con-

335 927 595 994 sagitient,
633 932 850 997 praefidio
888 930 991 996 ejus
1023 935 1244 1002 Capuam
1284 956 1630 1004 pervenerunt.

339 993 602 1046 Casilinum
629 1036 644 1059 ,
699 1001 825 1050 inter
876 1001 1123 1068 colloquia
1177 1007 1630 1076 cun&ationemque

179 1081 319 1135 Cafili·
337 1067 609 1128 petentium
644 1065 792 1118 fidem
811 1105 827 1128 ‚
895 1086 946 1119 er
967 1071 1276 1123 occasionem
1302 1092 1496 1142 captum
1515 1077 1627 1127 -estt

124 1156 215 1181 emm
253 1159 321 1183 ca·
339 1134 517 1197 captivi
541 1171 556 1194 ,
591 1137 770 1203 quique
869 1155 1214 1203 ampanorum,
1250 1144 1428 1211 quique
1466 1144 1629 1194 Anni«

116 1202 258 1262 ptum}
336 1201 456 1248 halis
491 1202 695 1251 rnilitum
740 1221 907 1268 erant,
951 1205 1164 1258 Romam
1200 1210 1354 1272 misti,
1387 1228 1531 1279 atque
1559 1215 1626 1263 ibi

331 1269 382 1317 in
415 1286 606 1320 carcere
640 1272 805 1323 inclufi
837 1273 1345 1343 suntxoppidanorum
1379 1282 1517 1331 turba
1537 1299 1626 1348 per·

329 1335 564 1387 finitimos
599 1342 811 1407 populos
837 1343 886 1396 in
920 1343 1387 1399 custodiamdivisa.

399 1404 511 1455 XX.
538 1405 734 1472 Quibus
753 1410 959 1460 diebusa
976 1411 1186 1464 Cafilino
1203 1452 1218 1476 ‚
1237 1433 1288 1465 re
1310 1417 1437 1467 bene
1461 1415 1617 1484 gesta,

324 1472 558 1539 recessum
599 1475 699 1538 est,
735 1480 804 1527 eis
843 1477 1092 1530 Gracchus
1121 1483 1169 1532 in
1209 1483 1410 1533 Lucanis
1436 1488 1623 1552 aliquot

321 1542 579 1603 cohortes,
611 1546 659 1591 in
693 1563 749 1594 ea
773 1548 974 1612 regione
1001 1549 1292 1615 conscriptas
1313 1591 1327 1614 ‚
1361 1571 1469 1601 cum
1499 1572 1620 1619 prae-

321 1607 452 1658 festo
503 1611 780 1674 sociorum,
823 1616 870 1662 in
911 1633 1053 1683 agros
1100 1618 1306 1669 hostium
1347 1622 1612 1686 praedatum

320 1677 445 1726 misit
472 1694 483 1726 :
511 1696 596 1728 eos
621 1678 769 1731 effuse
797 1683 985 1748 palatos
1018 1684 1200 1736 Hanno
1230 1689 1459 1752 adortus,
1488 1689 1617 1739 haud

318 1746 473 1794 multo
514 1749 754 1798 minorem
776 1787 790 1809 ‚
819 1750 964 1817 quam
1000 1755 1060 1801 ad
1093 1753 1431 1805 Beneventum
1474 1775 1614 1808 acce-

315 1828 489 1878 perat,
540 1815 751 1867 reddidi.t
783 1818 907 1867 hosti
938 1820 1165 1882 cladem3
1197 1838 1339 1890 atque
1386 1827 1434 1873 in
1470 1824 1614 1875 Brut-

272 1912 276 1916 ·
317 1881 411 1929 tios
461 1885 665 1946 raptim,
700 1902 763 1935 ne
811 1885 1063 1939 Gracchus
1095 1890 1451 1957 affequeretur‚
1491 1912 1612 1943 con-

311 1947 467 1998 cessit.
494 1949 730 2001 Consules
755 1991 768 2013 ‚
801 1954 1059 2006 Marcellus
1098 1974 1227 2008 retro
1253 1998 1267 2020 ,
1297 1961 1427 2010 unde
1457 1978 1613 2011 vene·

315 2032 418 2076 rat,
452 2016 634 2068 Nolam
665 2021 821 2082 redit3
856 2023 1028 2074 Fabius
1066 2028 1112 2074 in
1140 2027 1389 2076 Samnium
1415 2029 1476 2077 ad
1510 2048 1605 2097 po-

311 2085 552 2150 pulandos
601 2105 741 2154 agros
777 2126 797 2149 ⁷,
845 2093 1240 2160 recipiendasque
1280 2098 1450 2156 armiS‚
1496 2116 1603 2164 quae

309 2152 596 2202 defecerant
617 2191 632 2216 ,
660 2157 800 2206 urbes
848 2159 1093 2225 proceffit.
1144 2162 1390 2213 Caudinus
1418 2164 1608 2214 Samnis

377 2274 421 2311 4.
447 2259 554 2320 Quia
569 2262 831 2317 magnafamae
849 2279 928 2304 mo·
991 2277 1037 2306 ut
1067 2280 1313 2321 magnopere
1347 2268 1523 2310 timearis
1555 2272 1603 2310 ab

314 2336 445 2363 menta
481 2323 520 2362 in
552 2336 748 2378 utramque
777 2338 930 2379 partem
992 2326 1168 2368 hostibus
1191 2355 1202 2375 ‚
1237 2328 1262 2367 st
1293 2331 1443 2371 nullum
1482 2331 1602 2372 alium

301 2385 484 2441 fierent]
507 2383 612 2437 Quia
629 2385 725 2425 -inde
746 2400 930 2440 magnum
993 2387 1144 2442 incepti
1170 2387 1312 2438 finem,
1340 2394 1453 2445 quam
1479 2392 1605 2433 vicio·

311 2447 425 2487 famae
481 2446 690 2487 discrimen
746 2447 930 2500 sequere·
993 2450 1089 2489 riam
1117 2452 1278 2492 noveris
1309 2467 1322 2500 ;
1350 2463 1395 2493 ut
1422 2464 1603 2493 contem-

306 2516 405 2553 tur,
434 2506 680 2562 multumque
707 2508 919 2548 valiturum
985 2510 1091 2550 naris
1126 2513 1174 2552 ab
1210 2513 1346 2553 iisdem
1372 2542 1383 2562 ,
1422 2512 1447 2554 fi
1480 2514 1596 2556 irrito

307 2570 348 2608 in
367 2569 511 2609 bonam
531 2570 680 2620 pariter
697 2570 921 2624 malamque
984 2571 1154 2628 incepto
1185 2574 1400 2618 abstiteris.

304 2640 464 2687 partem
483 2643 498 2679 5
519 2630 560 2671 id
580 2631 633 2672 est
653 2659 666 2680 ‚
687 2630 921 2674 effeaurum

1411 2695 1602 2763 gravius
