1711 3078
264 149 617 206 LrssER
704 149 1080 212 XXIII.
1208 177 1323 235 239

38 240 296 293 redeuntes
323 245 576 295 obtruncat
598 263 610 295 ε
635 245 888 296 hominum
919 266 980 298 eo
1004 252 1208 304 tumultu
1237 274 1329 306 no-

27 309 206 360 ststurno
248 311 362 360 caesa
400 313 505 379 plus
541 313 639 364 duo
678 316 824 363 millia
849 351 864 372 ,
907 334 1014 365 cum
1059 321 1162 384 ipso
1207 323 1329 375 duce

41 376 204 427 Mario
244 377 417 429 Alfio:
452 397 591 447 capta
629 381 733 431 sunt
777 383 907 450 figna
944 385 1164 438 militaria
1206 407 1329 457 qua-

36 458 148 494 tuor
175 445 225 493 &
254 449 465 512 triginta.

104 511 344 563 XXXVI.
377 513 626 564 Gracchus
648 553 664 577 ,
704 518 860 568 minus
897 533 1091 568 centum
1128 523 1333 574 militum

37 575 211 645 jaciura
241 581 400 631 castris
429 582 632 633 hostium
665 587 842 649 potitus
866 622 881 645 ,
922 585 1104 637 Cumas
1131 590 1174 639 se
1211 608 1335 655 pro-

36 662 152 713 pere
179 651 362 715 recepit
382 687 397 710 ,
425 651 486 698 ab
518 652 760 701 Annibale
787 667 1008 704 metuens
1031 694 1047 716 ,
1087 660 1167 724 qui
1195 658 1335 725 super

35 713 255 780 Capuam
300 720 350 765 in
391 716 564 767 Tifatis
609 720 819 769 habebat
859 721 1019 772 castra.
1067 723 1176 775 Nec
1219 742 1332 777 eum

33 784 242 848 provida
275 783 420 834 futuri
455 785 628 836 fefellit
663 789 833 852 opinio
871 806 883 838 ε
916 807 1028 839 nam
1062 791 1197 840 simul
1227 792 1334 843 Ca-

33 866 178 916 puam
216 868 272 900 ea
309 853 471 901 clades
507 852 574 902 est
611 858 824 904 nuntiata
847 892 862 916 ‚
904 874 1032 907 ratus
1069 860 1282 910 Annibal
1317 899 1334 924 ,

33 914 95 966 ab
139 935 190 966 re
226 919 354 968 bene
390 919 520 987 gesta
558 921 820 972 insolenter
860 923 1020 973 laetum
1067 930 1332 979 exercitum

34 985 244 1034 tironum
264 1022 278 1046 ,
308 1004 485 1054 magna
515 1004 574 1037 ex
605 1005 772 1055 parte,
803 990 1150 1061 servorumque
1174 1035 1187 1056 ,
1219 996 1334 1063 spo-

32 1050 231 1102 liantem
254 1055 408 1104 viclos
427 1093 441 1117 ‚
473 1057 750 1125 praedasque
774 1074 1001 1127 agentem
1020 1099 1034 1122 ,
1064 1063 1124 1111 ad
1148 1064 1332 1119 Hamas

33 1117 80 1168 s'e
109 1121 415 1172 inventurum
436 1161 447 1180 ,
479 1128 678 1174 citatum
709 1143 883 1193 agmen
914 1145 1086 1193 praeter
1107 1130 1330 1198 Capuam

31 1190 154 1252 rapit
184 1225 198 1248 ‚
240 1191 513 1258 obviosque
555 1210 616 1242 ex
658 1192 770 1261 fuga
806 1193 1169 1261 Campanorum
1212 1201 1330 1250 dato

31 1255 251 1321 praesrdio
284 1256 504 1325 Capuam
540 1260 689 1323 duci,
732 1261 916 1312 saucios
943 1265 1173 1316 vehiculis
1207 1286 1330 1334 por-

33 1324 122 1372 tari
153 1322 288 1388 jubet
318 1343 330 1374 ε
359 1326 458 1391 ipse
488 1328 659 1377 Hamis
702 1346 854 1378 vacua
888 1331 948 1378 ab
976 1332 1187 1384 hostibus
1222 1337 1328 1385 cas·

33 1402 103 1439 tra
126 1428 139 1451 ,
170 1408 261 1440 nec
288 1395 548 1460 quidquam
580 1410 754 1461 praeter
781 1400 989 1447 recentis
1018 1401 1214 1470 vestigia
1240 1422 1331 1453 cae-

33 1457 103 1506 dis
127 1496 141 1516 ‚
177 1458 410 1527 strataque
454 1463 620 1528 paffim
669 1481 879 1529 corpora
910 1465 1152 1518 sociorum
1187 1473 1329 1521 inve-

31 1527 114 1575 nit.
153 1526 393 1577 Aufiores
425 1546 561 1580 etant
593 1532 787 1598 quidam
811 1570 827 1593 ‚
867 1547 920 1582 ut
958 1540 1177 1600 protinus
1211 1540 1326 1589 inde

16 1589 210 1644 ‘Cumas
256 1595 491 1658 duceret,
539 1601 807 1666 urbemque
855 1619 1177 1669 oppugnaret.
1228 1605 1327 1669 Id,

32 1675 320 1729 quamquam
342 1665 469 1714 haud
497 1667 689 1717 modice
715 1668 928 1717 Annibal
954 1674 1178 1738 cupiebat
1200 1712 1214 1734 ,
1244 1692 1326 1741 ut,

30 1731 137 1794 quia
172 1730 435 1798 Neapolim
467 1752 566 1784 non
599 1748 825 1801 potuerat
849 1773 862 1795 ‚
902 1735 1084 1789 Cumas
1115 1741 1316 1807 saltem,

29 1799 312 1849 maritimam
342 1801 511 1850 urbem
530 1840 544 1864 ‚
572 1802 806 1863 haberet3
837 1818 1001 1854 tamen
1021 1844 1035 1866 ,
1066 1810 1175 1874 quia
1208 1829 1327 1877 prae-

29 1877 100 1916 ter
129 1883 259 1915 arma
290 1868 404 1917 nihil
432 1869 591 1918 secum
623 1870 760 1920 miles
788 1874 961 1936 raptim
990 1874 1094 1924 acto
1129 1881 1323 1943 agmine

27 1934 259 1983 extulerat
284 1972 298 1994 ‚
335 1951 463 1987 retro
498 1939 545 1985 in
581 1937 724 1986 castra
753 1938 890 2004 supra
917 1939 1079 1991 Tifata
1110 1943 1156 1993 se
1191 1963 1326 1997 rece-

29 2001 98 2064 pit
132 2019 147 2050 .·
183 2003 330 2060 inde,
379 2003 601 2072 fatigatus
644 2005 1007 2071 Campanorum
1048 2013 1268 2076 precibus
1307 2051 1325 2076 ,

26 2066 238 2134 sequenti
275 2070 353 2118 die
393 2089 503 2120 cum
540 2075 674 2122 omni
709 2090 938 2141 apparatu
980 2081 1321 2145 oppugnandae

27 2137 153 2189 urbis
183 2136 362 2187 Cumas
393 2140 517 2188 redit
545 2157 558 2200 ;
604 2142 1027 2210 perpopulatoque
1064 2163 1179 2213 agro
1210 2147 1321 2199 Cu-

25 2220 169 2255 mano
189 2242 204 2261 ‚
235 2205 364 2254 mille
394 2206 547 2272 pallus
573 2209 633 2257 ab
662 2209 777 2258 urbe
804 2209 949 2261 castra
978 2213 1138 2275 locat3
1169 2234 1318 2281 quum

27 2271 306 2332 Gracchus,
343 2277 494 2342 magis
530 2277 822 2325 verecundia
854 2280 902 2326 in
933 2280 1014 2328 tali
1043 2283 1321 2335 neceffitate

25 2339 273 2390 deserendi
302 2340 457 2391 socios
481 2380 496 2403 ,
530 2345 846 2409 implorantes
878 2345 1028 2397 fidem
1061 2349 1189 2399 suam
1227 2371 1320 2417 po-

26 2407 218 2474 pulique
252 2408 461 2458 Romani
483 2447 497 2470 ‚
531 2410 792 2463 substitiffet
814 2451 827 2472 ‚
858 2414 1002 2479 quarn
1029 2415 1134 2466 satis
1160 2418 1316 2469 fidens

25 2477 266 2526 exercitui.
300 2475 406 2525 Nec
435 2477 554 2527 alter
582 2480 747 2530 consul
772 2480 946 2531 Fabius
965 2520 979 2542 ‚
1017 2487 1097 2549 qui
1124 2487 1182 2535 ad
1214 2486 1313 2536 Ca-

16 2541 89 2596 les
124 2542 267 2592 castra
303 2544 510 2595 habebat
532 2583 546 2606 ‚
592 2546 886 2598 Vulturnum
918 2551 1098 2601 flumen
1139 2555 1311 2604 tradu-

27 2625 133 2662 cere
149 2611 353 2661 audebat
368 2615 661 2676 exercitum3
683 2632 944 2682 occupatus
967 2620 1124 2685 ptimo
1153 2640 1170 2671 1
1206 2622 1310 2673 aus-

1352 265 1544 321 {Ic-537.

1351 325 1544 375 a.C.215·

1334 2523 1539 2580 Deftndt}

1335 2585 1470 2631 Cumas

1336 2644 1468 2689 Grac-

50 2720 54 2728 ·
87 2710 107 2740 ι
147 2696 342 2756 Auspiciis
370 2702 622 2758 repetendis]
690 2703 784 2757 Qua
802 2704 867 2762 *de
886 2705 1001 2748 causa
1033 2719 1124 2749 eum
1142 2707 1311 2751 Romam
1331 2709 1436 2753 chus.
