1711 3078
344 102 703 210 ιιΒΕιὶν
779 152 1124 214 XXIV.
1253 175 1362 237 315

83 241 297 294 aientem
331 246 610 313 Syracusas,
651 248 822 315 praedae
841 247 967 298 haud
999 253 1143 302 dubie
1182 252 1265 302 fibi
1294 254 1371 304 fu·
1392 263 1583 316 U.c.53S.

85 325 240 361 turam
270 314 482 366 Himilco
520 330 675 376 ratus,
718 317 796 365 via
829 316 1099 381 decipitur:
1135 323 1368 372 mediter·
1392 316 1570 372 a·C·214

91 396 240 428 raneo
272 400 477 449 namque
511 382 684 431 Poenus
723 385 889 432 itinere
918 385 1081 445 duxit·,
1104 388 1232 454 legio
1270 408 1373 440 ma-

86 447 253 495 ritimis
291 449 435 510 locis,
478 449 616 499 classe
648 451 967 516 prosequente
994 490 1008 513 ‚
1052 455 1111 502 ad
1155 458 1372 521 Appium

87 510 346 563 Claudium
367 553 382 576 ‚
436 516 717 582 Pachynum
765 535 874 565 cum
930 532 1064 585 parte
1122 525 1373 588 copiarum

85 581 286 629 obviam
323 584 617 650 progressum
645 622 659 643 ‚
723 586 961 649 pervenit.
1027 585 1133 636 Nec
1199 591 1374 641 diutius

85 645 222 696 Poeni
254 650 312 698 ad
345 651 599 717 Syracusas
632 654 828 719 morati„
848 653 967 702 sunt.
995 653 1053 703 Et
1097 655 1338 706 Bomilcar
1359 698 1372 717 ‚

86 713 222 764 fimul
253 735 419 781 parum
458 718 612 768 fidens
639 720 840 768 navibus
874 721 994 781 suis,
1035 723 1210 788 duplici
1235 723 1374 775 facile

84 799 289 833 numero
335 786 526 836 classem
577 788 859 835 habentibus
915 788 1147 839 Romanis
1178 830 1193 852 ‚
1239 791 1376 844 simul

83 850 235 899 inutili
277 855 413 901 mora
453 870 651 902 cernens
685 854 799 902 nihil
838 856 965 904 aliud
997 858 1056 905 ab
1094 860 1181 907 suis
1226 861 1372 926 quam

81 917 298 981 inopiam
348 923 599 986 aggravari
644 919 882 970 sociorum
918 961 932 984 ‚
978 925 1098 973 velis
1139 929 1186 975 in
1221 929 1373 979 altum

81 983 230 1044 datis;
251 987 298 1034 in
315 987 531 1036 Africam
565 988 813 1038 transmisit
836 1008 849 1050 3
876 990 926 1039 ὅ(
958 990 1174 1044 Himilco
1197 1033 1212 1055 ,
1245 995 1378 1047 secu·

77 1065 153 1102 tus
172 1055 498 1120 nequidquam
531 1057 817 1105 Marcellum
853 1057 1107 1123 Syracusas
1129 1099 1142 1121 ,
1183 1064 1216 1111 fi
1245 1081 1335 1130 qua
1358 1104 1372 1127 ‚

79 1121 351 1187 priusquam
384 1123 647 1188 majoribus
689 1126 842 1190 copiis
873 1124 1184 1193 jungeretur,
1218 1149 1370 1182 occa-

80 1186 149 1236 fio
191 1190 437 1257 pugnandi
471 1191 615 1252 efflet,
653 1191 901 1257 postquam
933 1211 988 1243 ea
1038 1198 1164 1245 nulla
1206 1203 1372 1249 conti-

77 1272 251 1321 gerat,
290 1274 540 1324 tutumque
577 1259 636 1307 ad
685 1260 941 1324 Syracusas
971 1264 1027 1317 ὃ(
1065 1268 1369 1319 munimento

76 1325 132 1371 ἃ
164 1325 338 1374 viribus
377 1327 564 1376 hostem
599 1329 860 1388 cernebat,
883 1346 943 1378 ne
969 1329 1132 1380 frustra
1166 1333 1372 1386 affiden=

76 1391 144 1440 do
178 1393 528 1460 spectandoque
561 1395 862 1444 obfidionem
897 1398 1135 1448 sociorum
1175 1417 1368 1470 tempus

75 1473 291 1520 tereret,
335 1461 477 1510 castra
523 1463 634 1513 inde
687 1465 882 1523 movit3
923 1481 1004 1525 ut,
1055 1486 1366 1538 quocumque

73 1527 285 1577 vocaffet
324 1529 606 1579 defectionis
640 1531 700 1579 ab
735 1531 969 1582 Romanis
997 1534 1134 1601 ἧκε,
1185 1539 1366 1589 admo-

72 1611 214 1645 veret
248 1600 511 1648 exercitum
549 1617 604 1646 ac
641 1598 843 1664 praesens
879 1599 979 1649 suas
1020 1620 1094 1652 res
1142 1604 1367 1656 foventi-

70 1662 161 1712 bus
187 1664 390 1714 adderet
410 1667 613 1715 animOS.
641 1667 964 1734 Murgantiam
994 1673 1198 1735 primum
1217 1713 1232 1733 ,
1251 1694 1368 1742 pro-

75 1730 179 1780 dito
199 1732 259 1780 ab
296 1733 407 1799 ipsis
440 1733 656 1800 praefidio
696 1733 953 1797 Romano,
987 1743 1199 1805 recepit;
1234 1762 1253 1792 1
1283 1746 1364 1794 ubi

71 1797 303 1850 frumenti
335 1819 508 1868 magna
543 1804 615 1850 vis
645 1804 1038 1872 commeatusque
1075 1813 1233 1860 omnis
1274 1829 1365 1880 ge-

74 1868 201 1916 neris
234 1869 453 1918 convecti
493 1886 627 1918 erant
654 1870 903 1921 Romanis.

141 1935 407 1985 XXXVII.
440 1937 520 1985 Ad
548 1939 668 1986 hanc
707 1937 1030 1989 defectionem
1078 1944 1220 1994 erecti
1259 1947 1365 2000 sunt

75 2003 126 2052 ἃ(
159 2004 354 2052 aliarum
403 2007 649 2054 civitatum
687 2008 867 2067 animi3
916 2009 1221 2078 praesidiaque
1254 2014 1364 2064 Ro-

71 2088 214 2120 mana
244 2087 322 2120 aut
344 2073 645 2138 pellebantur
672 2076 855 2123 arcibus
878 2112 891 2133 ‚
928 2091 1008 2124 aut
1049 2082 1242 2145 prodita
1275 2102 1362 2149 per

69 2138 288 2188 fraudem
336 2141 750 2206 opprimebantur.
800 2140 965 2203 Enna,
1000 2148 1192 2198 excelso
1244 2151 1358 2202 loco

69 2224 125 2255 ac
162 2224 400 2273 praerupto
431 2209 640 2274 undique
677 2208 791 2268 fita,
831 2228 978 2276 quum
1015 2214 1128 2265 loco
1159 2219 1361 2284 inexpu-

69 2276 273 2342 gnabilis
308 2292 441 2336 erat,
467 2293 567 2325 tum
602 2275 865 2339 praefidium
888 2281 935 2327 in
965 2299 1072 2331 arce
1112 2286 1356 2349 validum,

69 2343 444 2416 praefectumque
494 2343 694 2411 praesidii
726 2363 745 2394 1
786 2345 912 2396 haud
960 2348 1068 2399 sane
1118 2370 1359 2419 opportu-

136 2457 155 2487 1
177 2447 327 2490 Ubi...
365 2448 643 2492 commeamus.
667 2474 680 2488 .
746 2449 852 2503 cipio
889 2456 1075 2495 conveffi.
1114 2458 1196 2500 Ubi
1235 2461 1362 2504 habe-

71 2509 683 2561 convestierantffomanisssNe·
745 2511 840 2552 bant
903 2513 1075 2558 Romani
1139 2523 1359 2568 convectos

68 2570 216 2610 minem
250 2570 458 2611 offendere
491 2573 611 2614 debet
635 2574 684 2616 τὸ
749 2586 1014 2618 commeatus.

71 2631 142 2670 ubi
161 2659 172 2677 ‚
206 2633 314 2686 quod
353 2632 597 2688 jungendum
632 2636 686 2676 est
783 2632 798 2635 ”
816 2648 830 2675 1
853 2636 1001 2679 Haud.
1024 2670 1061 2682 ..
1102 2658 1359 2700 opportunum

42 2693 199 2734 ‘verbo
235 2707 380 2743 erant,
434 2709 516 2736 non
559 2698 686 2751 parti·
751 2696 1055 2755 infidiantibus]
1095 2705 1176 2757 Qui
1212 2708 1250 2749 se
1278 2723 1360 2751 non

1039 2760 1154 2829 Oij
