1711 3078
332 144 684 206 L113ER
770 137 1090 203 XXII.
1265 152 1369 201 161

150 239 293 295 VIII.
327 243 599 309 Priusquam
646 241 754 290 satis
793 257 924 291 certa
963 241 1156 290 consilia
1193 225 1594 320 emerint-¹553}

83 328 260 379 repens
301 313 390 361 alia
435 309 677 359 nuntiatur
734 309 895 357 clades
932 325 942 356 :
981 319 1186 374 quatuor
1229 308 1380 356 millia
1398 292 1597 378 {Il-“3242

80 383 325 445 equiturn,
370 396 479 427 cum
512 376 574 426 C.
614 375 858 425 Centenio
913 390 1207 440 propraetore
1247 373 1378 423 missa
1399 399 1481 440 des.
1591 384 1595 387 ·

84 449 146 496 ad
186 447 425 513 collegam
468 445 530 492 ab
569 443 776 492 Servilio
812 442 1036 500 consule,
1062 440 1110 489 in
1145 441 1379 501 Umbria,

80 515 179 579 quo
205 512 311 580 post
332 523 542 579 pugnam
565 511 624 558 ad
658 507 992 557 Trasimenum
1014 509 1224 556 auditam
1245 525 1383 557 aver*

81 596 239 630 terant
268 582 356 628 iter
380 616 394 639 ‚
432 580 492 626 ab
522 576 762 625 Annibale
788 578 1134 625 circumventa.
1170 574 1284 637 Ejus
1308 577 1379 623 rei

80 648 206 696 fama
224 648 352 695 varie
373 647 596 695 homines
621 642 777 693 affecit
800 661 811 691 ε
838 661 974 709 pars,
1004 645 1252 708 occupatis
1276 639 1383 705 ma-

77 714 187 779 jore
215 714 494 781 aegritudine
529 712 698 759 animis
719 748 733 770 ‚
768 710 929 759 levem
955 728 1014 758 ex
1050 710 1384 775 comparatio-

81 799 143 831 ne
173 783 387 847 priorum
450 779 627 827 ducere
675 793 924 826 recentem
966 780 1182 843 equitum
1227 775 1383 839 jaciu-

79 866 210 907 ram3
232 866 336 913 pars
353 882 366 903 ,
392 864 490 894 non
513 845 563 893 id
588 882 604 902 ‚
624 844 758 907 quod
788 845 1029 893 acciderat
1048 881 1061 904 ‚
1084 861 1171 909 per
1199 843 1244 892 se
1264 842 1383 891 aesti-

81 931 237 974 mare,
271 914 353 963 sed
377 950 391 972 ‚
425 927 475 960 ut
510 914 558 960 in
590 910 760 960 affecto
797 928 1006 977 corpore
1056 913 1277 977 quamvis
1309 911 1384 960 le·

80 985 155 1033 vis
186 980 318 1036 causa
352 980 501 1046 magis
522 1017 536 1038 ‚
570 978 716 1045 quam
737 979 902 1027 valido
933 978 1160 1044 gravior,
1185 978 1387 1027 sentire·-

81 1063 190 1110 tur,
221 1051 286 1097 ita
314 1063 415 1097 tum
448 1061 586 1112 aegrae
612 1047 663 1094 ὅ(
690 1045 869 1095 affeStae
904 1047 1084 1096 civitati
1114 1046 1384 1113 quodcum-

79 1132 175 1184 que
209 1114 395 1180 adversi
437 1115 695 1173 inciderit,
756 1131 855 1162 non
897 1125 1064 1162 rerum·
1096 1115 1385 1180 magnitudia

80 1202 177 1245 ne,
215 1183 296 1232 sed
347 1182 526 1232 viribus
580 1183 888 1238 extenuatis,
935 1199 1041 1247 quae
1091 1180 1208 1230 nihil
1248 1182 1382 1248 quod

75 1263 359 1320 aggravaret
389 1251 486 1315 pati
522 1246 742 1313 possent,
783 1246 1113 1298 aestirnandum
1152 1248 1385 1298 estelta-

77 1337 173 1386 que
205 1335 222 1365 ι
256 1318 316 1365 ad
347 1315 614 1365 remedium
649 1313 831 1378 jamdiu
865 1331 1021 1381 neque
1060 1315 1380 1365 desideratum

77 1404 170 1438 nec
201 1385 497 1441 adhibitum,
542 1380 826 1431 diciatorem
869 1383 1162 1444 dicendum,
1214 1386 1380 1434 civitas

77 1455 322 1520 confugit:
348 1452 400 1500 &
420 1453 527 1516 quia
565 1451 619 1498 &
656 1450 821 1499 consul
854 1451 1050 1511 aberat,
1080 1470 1104 1499 a
1148 1470 1246 1519 quo
1276 1469 1377 1501 uno

76 1524 171 1572 dici
203 1519 333 1586 posse
365 1519 615 1568 videbatur
638 1535 652 1576 3
678 1535 768 1568 nec
804 1535 890 1586 per
918 1535 1201 1586 occupatam
1233 1521 1378 1569 armis
1448 1529 1451 1531 ’

71 1589 262 1641 Punicis
301 1586 512 1649 Italiam„
539 1584 678 1635 facile
718 1599 818 1636 erat
867 1602 947 1636 aut
1003 1589 1254 1645 nuntium,
1292 1602 1374 1636 aut

69 1660 250 1710 litteras
282 1656 436 1713 mitti'3
488 1670 578 1701 nec
620 1653 903 1703 dictatorem
949 1657 1160 1721 populus
1207 1654 1374 1712 creare

77 1737 290 1793 poterat,
328 1721 461 1789 quod
490 1737 749 1786 numquam
789 1736 899 1770 ante
915 1734 1022 1770 eam
1040 1724 1167 1772 diem
1194 1721 1370 1772 fassum
1437 1757 1475 1800 F
1501 1760 1553 1790 Γ,

73 1807 196 1852 erat3
218 1789 588 1856 prodi&atorem
614 1788 819 1854 populus
848 1791 1029 1839 creavit
1066 1791 1136 1855 Q.
1165 1790 1364 1839 Fabium
1414 1772 1588 1862 ωαξέἷ

70 1860 380 1917 Maximum,
411 1856 462 1905 &
502 1854 774 1922 magistrum
817 1858 1034 1922 equitum
1077 1859 1153 1906 M.
1201 1858 1364 1908 Minu-
1383 1837 1518 1925 form

70 1930 201 1978 cium
228 1924 426 1975 Rufum.
457 1922 639 1989 Hisque
679 1925 929 1989 negotium
979 1925 1039 1973 ab
1075 1926 1237 1975 senatu
1278 1921 1368 1974 da·
1454 1913 1467 1926 ⁰

75 2009 213 2052 tum,
246 2009 298 2042 ut
331 2009 494 2041 muros
543 1990 787 2057 turresque
828 1992 956 2040 urbis
1005 1988 1250 2042 firmarent
1273 2033 1287 2054 ‚
1316 1990 1368 2044 δὲ

73 2061 286 2131 praesidia
344 2058 655 2124 disponerent
699 2059 868 2124 quibus
914 2059 1036 2108 locis
1082 2060 1368 2123 videretur,

71 2129 338 2197 pontesque
377 2125 700 2176 rescinderent
736 2126 990 2175 fluminum
1025 2144 1037 2175 ε
1071 2129 1132 2177 ad
1167 2144 1375 2194 penates

70 2216 162 2265 pro
193 2197 310 2245 urbe
365 2193 693 2243 dimicandum
736 2192 862 2255 effe,
932 2195 1130 2261 quando
1181 2196 1370 2247 Italiam

74 2266 197 2318 tueri
236 2260 519 2331 nequiffent.

138 2364 154 2392 1
194 2350 262 2391 Aa
308 2349 509 2389 remedium
534 2347 686 2401 jamdiu
749 2346 875 2389 anrio's
912 2359 1071 2391 creatus
1103 2350 1252 2390 fuerat.
1280 2349 1368 2391 Alia

71 2427 190 2468 neque
210 2410 458 2464 defideratum
479 2407 495 2459 J
513 2410 614 2450 Haec
629 2411 685 2450 in·
748 2422 848 2465 quot
871 2410 985 2451 fuere
1003 2426 1076 2465 per
1102 2411 1182 2451 hoc
1211 2421 1369 2464 ternpo-
1392 2409 1407 2419 ‘

71 2473 290 2529 telligenda
312 2471 397 2512 sunt
414 2471 463 2511 de
484 2471 682 2512 dictatore
742 2472 798 2512 ris
831 2471 1086 2512 intervallum
1114 2472 1329 2514 distatores
1349 2501 1363 2521 ,

69 2539 130 2578 rei
158 2532 344 2589 gerundae
375 2532 490 2572 caus-21
508 2543 648 2573 creato
667 2561 678 2581 ‚
742 2532 850 2573 inter
871 2547 972 2586 quos
990 2533 1070 2588 ipse
1087 2532 1230 2574 Fabius
1253 2561 1264 2580 ,
1297 2533 1365 2574 sed

69 2597 137 2651 qui
162 2596 291 2635 nullus
315 2592 398 2647 post
415 2591 578 2633 Atilium
605 2593 663 2633 Ca
744 2594 1004 2634 comitiorum
1085 2594 1368 2637 habendorum

68 2659 233 2702 latinum
257 2669 330 2710 per
349 2665 432 2696 tres
454 2655 492 2697 ἃ
517 2654 678 2710 triginta
741 2655 863 2698 caus&
881 2655 1019 2698 creati.

1025 2703 1093 2763 Ἐ
1120 2712 1174 2780 iij
