1726 3073
392 117 744 174 LrssER
833 105 1072 165 XXI.
1300 119 1373 179 37

94 218 240 268 tutius
270 213 515 263 consilium
546 224 654 258 ante
690 224 790 256 rem
821 204 947 252 foret
968 239 981 261 ,
1025 204 1089 249 ita
1106 214 1126 262 '‚
1162 198 1262 248 affra
1299 190 1588 257 re‚U>C„·534·'

98 286 159 333 ad
200 282 348 332 fidem
384 279 580 346 pronius
627 274 706 324 est.
744 272 917 322 Ratem
950 286 1093 317 unam
1143 268 1380 315 ducentos
1400 238 1593 289 a·(⁴·²¹8'

39 411 47 413 ᾇ
101 355 298 417 longam
331 348 514 415 pedes¹9
547 340 885 410 quinquaginta
925 337 1067 383 latam
1090 371 1104 392 ‚
1135 352 1160 380 a
1185 334 1306 381 terra
1332 333 1381 379 in

104 435 298 467 amnem
336 426 686 482 porrexerunt3
722 423 861 473 quam
883 442 898 465 ‚
932 418 992 450 ne
1025 401 1229 449 secunda
1264 399 1388 463 aqua

106 486 372 535 deferretur
405 518 419 539 ,
469 477 676 545 pluribus
729 473 897 523 validis
932 468 1201 517 retinaculis
1256 480 1391 531 parte

105 552 348 617 superiore
379 550 492 612 ripae
522 546 764 610 religatam
786 579 798 597 ‚
827 537 987 606 pontis
1009 538 1054 583 in
1082 533 1282 585 modum
1303 531 1398 579 hu-

107 638 192 670 mo
237 615 408 680 injeffi
445 612 803 662 constraverunt
827 644 842 664 ,
872 620 924 653 ut
960 603 1131 651 belluae
1175 597 1400 649 audatster

108 686 241 736 velut
262 702 347 749 per
364 681 516 732 solum
543 678 934 744 ingrederentur:
956 671 1102 718 altera
1128 670 1236 716 ratis
1264 666 1404 730 aeque

113 754 239 812 lata,
261 752 406 817 longa
429 748 578 813 pedes
607 758 796 793 centum
813 778 826 800 ,
862 739 920 787 ad
950 735 1288 801 trajiciendum
1310 734 1407 782 flu·

114 837 230 871 men
251 835 359 885 apta
383 855 397 876 ,
418 816 524 862 huic
558 813 782 878 copulata
808 806 873 856 est
897 823 909 865 3
933 805 982 853 ἃ
1005 821 1150 870 quum
1178 802 1409 868 elephan-

117 890 155 936 ti
178 904 262 952 per
295 883 508 933 stabilem
540 895 688 928 ratem
709 914 723 937 ‚
753 889 998 940 tamquam
1019 874 1145 919 viam
1164 908 1177 929 ,
1203 884 1411 936 praegre-

116 953 353 1004 dientibus
376 950 567 1000 feminis
591 987 603 1008 ,
625 945 711 994 affl
733 981 747 1004 ‚
774 947 821 991 in
856 944 1097 989 minorem
1121 938 1412 1002 applicatam

118 1017 379 1087 transgreffi
413 1017 550 1073 sunt3
586 1012 834 1076 extemplo
870 1008 1082 1057 resolutis
1106 1041 1119 1065 ‚
1141 1006 1311 1069 quibus
1331 1004 1412 1052 le-

119 1092 244 1140 viter
267 1103 454 1136 annexa
471 1097 600 1140 erat,
627 1080 826 1130 vinculis
849 1113 863 1137 ‚
893 1075 951 1124 ab
983 1073 1196 1121 afiuariis
1226 1073 1412 1137 aliquot

123 1156 325 1207 navibus
347 1154 405 1201 ad
426 1152 622 1200 alteram
655 1149 806 1213 ripam
833 1142 1140 1210 pertrahitur:
1166 1141 1228 1187 ita
1252 1138 1418 1205 primis

127 1222 390 1289 expositis,
431 1220 505 1267 alii
541 1216 715 1265 deinde
751 1212 943 1277 repetiti
986 1227 1038 1255 ac
1076 1203 1256 1269 trajeeli
1296 1207 1419 1254 sunt.

130 1290 259 1341 Nihil
280 1289 385 1337 sane
422 1282 758 1350 trepidabant,
790 1281 947 1328 donec
977 1276 1246 1323 continenti
1279 1273 1419 1321 velut

130 1373 281 1425 ponte
316 1367 595 1421 agerentur:
618 1351 798 1415 primus
833 1361 931 1395 erat
966 1359 1154 1408 pavor,
1190 1358 1364 1406 quum,
1394 1354 1415 1385 1

129 1425 282 1476 soluta
309 1425 366 1472 ab
403 1422 571 1470 ceteris
592 1418 788 1475 rate‚in
823 1415 974 1461 altum
1000 1425 1305 1476 raperentur:
1327 1408 1423 1468 ibi,

131 1506 355 1560 urgentes
374 1492 495 1538 inter
524 1487 569 1536 se
590 1523 605 1545 ‚
624 1481 904 1533 cedentibus
939 1478 1162 1526 extremis
1187 1475 1245 1523 ab
1267 1493 1387 1540 aqua
1408 1509 1428 1533 9

134 1559 461 1627 trepidationis
500 1555 794 1620 aliquantum
824 1547 1067 1603 edebant3
1100 1547 1257 1592 donec
1285 1545 1428 1609 quie-

132 1643 231 1679 tem
276 1625 376 1692 ipse
411 1626 555 1673 timor
598 1614 1092 1682 circumspessamibus
1142 1604 1430 1676 aquam'feo

138 1695 265 1747 ciffet
295 1712 304 1741 z
340 1690 559 1742 excidere
589 1690 734 1736 etiam
763 1686 1009 1733 saevientes
1047 1678 1241 1744 quidam
1269 1680 1313 1725 in
1339 1678 1431 1725 flu-

138 1778 277 1821 men3
295 1760 374 1809 sed
394 1797 408 1817 ,
428 1757 644 1824 pondere
665 1753 764 1818 ipso
789 1751 974 1799 stabiles
995 1785 1008 1807 ,
1026 1745 1222 1807 deiefiis
1238 1744 1431 1793 reetori-

138 1833 262 1887 hm,
310 1825 576 1894 quaerendis
614 1821 916 1889 pedetentim
957 1815 1128 1873 vadis,
1160 1815 1207 1861 in
1249 1827 1429 1861 terram

143 1898 348 1949 evasere.

207 1961 396 2013 XXIX.
430 1960 566 2010 Dum
593 1955 835 2023 elephanti
869 1950 1193 2017 trajiciuntur,
1235 1947 1428 1997 interim

144 2095 230 2137 deri
259 2091 459 2135 confilium
481 2090 678 2135 debebat,
699 2087 754 2127 ita
818 2097 940 2138 agens
975 2108 986 2128 ,
1019 2081 1158 2135 plures
1188 2078 1296 2118 fuiffe
1324 2086 1432 2118 rates

145 2171 266 2202 nunc,
286 2168 402 2209 quum
419 2152 499 2192 ac‘ta
521 2164 584 2191 res
604 2163 754 2189 memo-

148 2230 256 2260 ratur
273 2245 285 2264 ,
303 2213 552 2270 probabilius
571 2210 625 2250 est
643 2237 653 2256 ,
675 2211 755 2249 tale

147 2279 201 2321 est
215 2291 256 2318 ut
273 2277 381 2317 credi
395 2272 544 2315 facilius
565 2270 694 2325 poffit.

215 2352 231 2380 1
252 2338 395 2379 Solum
416 2335 461 2375 ab
485 2333 621 2374 ceteris
641 2331 753 2384 rate]

150 2403 276 2455 Supra
322 2399 436 2438 unius
472 2394 622 2435 tanturn
663 2392 757 2432 ratis

151 2462 304 2504 mentio
335 2455 432 2499 fasta
464 2458 538 2497 fuit
559 2484 570 2503 ,
592 2469 677 2508 quae
709 2453 758 2492 ad

150 2536 305 2579 partem
333 2521 427 2574 ripae
446 2517 687 2571 superiorem
701 2515 760 2561 al·

150 2587 270 2639 ligata
296 2579 505 2621 immobilis
518 2584 759 2625 remaneret.

153 2646 211 2690 At
238 2643 430 2702 Polybius
465 2641 515 2682 de
549 2638 688 2683 eadem
717 2649 761 2678 re

819 2155 1014 2185 memorat
1034 2169 1048 2188 ,.
1082 2154 1198 2194 quum
1227 2141 1330 2179 inter
1363 2139 1400 2178 se
1418 2167 1437 2184 ,.

821 2217 902 2246 tum
920 2204 967 2243 ad
987 2204 1112 2255 ripam
1139 2200 1271 2239 valide
1291 2200 1437 2254 religa·

819 2277 896 2307 tas.
937 2263 1057 2304 Poffis
1088 2275 1247 2316 quoque
1282 2261 1438 2300 referre

819 2341 964 2368 vocem
995 2324 1131 2364 cereris
1160 2324 1208 2361 ad
1243 2322 1439 2374 elephano

819 2399 908 2435 tos,
931 2388 970 2427 in
994 2387 1099 2425 hunc
1116 2383 1302 2422 modum:
1323 2396 1434 2436 quum

814 2448 953 2504 soluta*
998 2460 1082 2486 rate
1108 2443 1154 2483 ab
1185 2444 1322 2483 ceten's
1347 2444 1434 2482 ela·

821 2510 976 2566 phantis
997 2505 1127 2548 avulsi,
1146 2505 1185 2544 in
1205 2506 1326 2546 altum
1346 2517 1434 2560 arrh:

823 2586 914 2616 nem
931 2579 1180 2626 mpetratum
