<?xml version="1.0" encoding="UTF-8"?>
<!DOCTYPE html PUBLIC "-//W3C//DTD XHTML 1.0 Transitional//EN"
    "http://www.w3.org/TR/xhtml1/DTD/xhtml1-transitional.dtd">
<html xmlns="http://www.w3.org/1999/xhtml" xml:lang="en" lang="en">
 <head>
  <title>
</title>
<meta http-equiv="Content-Type" content="text/html;charset=utf-8" />
  <meta name='ocr-system' content='tesseract 3.04.00' />
  <meta name='ocr-capabilities' content='ocr_page ocr_carea ocr_par ocr_line ocrx_word'/>
</head>
<body>
  <div class='ocr_page' id='page_1' title='image "./tliviipatavinihi0201livy_0049.png"; bbox 0 0 1726 3073; ppageno 0'>
   <div class='ocr_carea' id='block_1_1' title="bbox 393 124 1351 201">
    <p class='ocr_par' dir='ltr' id='par_1_1' title="bbox 393 124 1351 201">
     <span class='ocr_line' id='line_1_1' title="bbox 393 124 1351 201; baseline 0.003 -21"><span class='ocrx_word' id='word_1_1' title='bbox 393 125 743 180; x_wconf 76' lang='lat' dir='ltr'>LIBER</span> <span class='ocrx_word' id='word_1_2' title='bbox 829 124 1075 184; x_wconf 84' lang='lat' dir='ltr'>XXI.</span> <span class='ocrx_word' id='word_1_3' title='bbox 1281 146 1351 201; x_wconf 85' lang='lat'>41</span> 
     </span>
    </p>
   </div>
   <div class='ocr_carea' id='block_1_2' title="bbox 75 219 1585 1882">
    <p class='ocr_par' dir='ltr' id='par_1_2' title="bbox 75 219 1575 420">
     <span class='ocr_line' id='line_1_2' title="bbox 75 219 1573 288; baseline -0.001 -17"><span class='ocrx_word' id='word_1_4' title='bbox 75 223 124 272; x_wconf 78' lang='lat' dir='ltr'>vi</span> <span class='ocrx_word' id='word_1_5' title='bbox 146 220 510 288; x_wconf 45' lang='lat' dir='ltr'>plus‘poterant,</span> <span class='ocrx_word' id='word_1_6' title='bbox 528 221 808 287; x_wconf 81' lang='lat' dir='ltr'>pellebatur.</span> <span class='ocrx_word' id='word_1_7' title='bbox 825 219 980 283; x_wconf 74' lang='lat' dir='ltr'>Hujus</span> <span class='ocrx_word' id='word_1_8' title='bbox 995 221 1237 270; x_wconf 78' lang='lat' dir='ltr'>seditionis</span> <span class='ocrx_word' id='word_1_9' title='bbox 1260 219 1366 288; x_wconf 77' lang='lat' dir='ltr'>pe&#39;r-</span> <span class='ocrx_word' id='word_1_10' title='bbox 1381 221 1573 271; x_wconf 51' lang='grc' dir='ltr'>[λς-534·</span> 
     </span>
     <span class='ocr_line' id='line_1_3' title="bbox 84 274 1575 354; baseline 0 -16"><span class='ocrx_word' id='word_1_11' title='bbox 84 305 358 354; x_wconf 80' lang='lat' dir='ltr'>opportuna</span> <span class='ocrx_word' id='word_1_12' title='bbox 395 288 672 352; x_wconf 80' lang='lat' dir='ltr'>disceptatio</span> <span class='ocrx_word' id='word_1_13' title='bbox 706 305 851 352; x_wconf 86' lang='lat' dir='ltr'>quum</span> <span class='ocrx_word' id='word_1_14' title='bbox 882 289 943 335; x_wconf 87' lang='lat' dir='ltr'>ad</span> <span class='ocrx_word' id='word_1_15' title='bbox 972 289 1264 337; x_wconf 75' lang='lat' dir='ltr'>Annibalem</span> <span class='ocrx_word' id='word_1_16' title='bbox 1293 306 1367 338; x_wconf 85' lang='lat' dir='ltr'>re·</span> <span class='ocrx_word' id='word_1_17' title='bbox 1385 274 1575 319; x_wconf 69' lang='lat' dir='ltr'><strong>a·C·2¹8·</strong></span> 
     </span>
     <span class='ocr_line' id='line_1_4' title="bbox 82 353 1370 420; baseline 0 -16"><span class='ocrx_word' id='word_1_18' title='bbox 82 355 205 419; x_wconf 67' lang='lat' dir='ltr'>je&amp;a</span> <span class='ocrx_word' id='word_1_19' title='bbox 240 354 351 404; x_wconf 74' lang='lat' dir='ltr'>esset</span> <span class='ocrx_word' id='word_1_20' title='bbox 371 396 382 415; x_wconf 95' lang='lat'>,</span> <span class='ocrx_word' id='word_1_21' title='bbox 411 356 583 404; x_wconf 80' lang='lat' dir='ltr'>arbiter</span> <span class='ocrx_word' id='word_1_22' title='bbox 611 357 743 420; x_wconf 83' lang='lat' dir='ltr'>regni</span> <span class='ocrx_word' id='word_1_23' title='bbox 771 353 917 403; x_wconf 60' lang='lat' dir='ltr'>faSius</span> <span class='ocrx_word' id='word_1_24' title='bbox 941 392 954 412; x_wconf 90' lang='lat'>,</span> <span class='ocrx_word' id='word_1_25' title='bbox 993 373 1024 414; x_wconf 89' lang='lat'>4</span> <span class='ocrx_word' id='word_1_26' title='bbox 1049 356 1181 420; x_wconf 77' lang='lat' dir='ltr'>quod</span> <span class='ocrx_word' id='word_1_27' title='bbox 1213 372 1267 403; x_wconf 89' lang='lat' dir='ltr'>ea</span> <span class='ocrx_word' id='word_1_28' title='bbox 1297 357 1370 404; x_wconf 57' lang='lat' dir='ltr'>se4</span> 
     </span>
    </p>

    <p class='ocr_par' dir='ltr' id='par_1_3' title="bbox 82 421 1371 487">
     <span class='ocr_line' id='line_1_5' title="bbox 82 421 1371 487; baseline -0.001 -16"><span class='ocrx_word' id='word_1_29' title='bbox 82 423 220 472; x_wconf 69' lang='lat' dir='ltr'>natfis</span> <span class='ocrx_word' id='word_1_30' title='bbox 239 423 598 487; x_wconf 84' lang='lat' dir='ltr'>principumque</span> <span class='ocrx_word' id='word_1_31' title='bbox 628 421 861 469; x_wconf 80' lang='lat' dir='ltr'>sententia</span> <span class='ocrx_word' id='word_1_32' title='bbox 891 421 1042 469; x_wconf 78' lang='lat' dir='ltr'>fuerat</span> <span class='ocrx_word' id='word_1_33' title='bbox 1065 458 1077 479; x_wconf 89' lang='lat'>,</span> <span class='ocrx_word' id='word_1_34' title='bbox 1113 424 1371 486; x_wconf 83' lang='lat' dir='ltr'>imperium</span> 
     </span>
    </p>

    <p class='ocr_par' dir='ltr' id='par_1_4' title="bbox 84 488 1385 622">
     <span class='ocr_line' id='line_1_6' title="bbox 84 488 1373 552; baseline -0.002 -14"><span class='ocrx_word' id='word_1_35' title='bbox 84 489 257 552; x_wconf 79' lang='lat' dir='ltr'>majori</span> <span class='ocrx_word' id='word_1_36' title='bbox 283 488 480 537; x_wconf 83' lang='lat' dir='ltr'>restituit</span> <span class='ocrx_word' id='word_1_37' title='bbox 508 506 518 536; x_wconf 72' lang='grc' dir='ltr'>ε</span> <span class='ocrx_word' id='word_1_38' title='bbox 552 490 616 536; x_wconf 88' lang='lat' dir='ltr'>ob</span> <span class='ocrx_word' id='word_1_39' title='bbox 644 489 692 535; x_wconf 87' lang='lat' dir='ltr'>id</span> <span class='ocrx_word' id='word_1_40' title='bbox 722 490 942 536; x_wconf 84' lang='lat' dir='ltr'>meritum</span> <span class='ocrx_word' id='word_1_41' title='bbox 980 504 1251 537; x_wconf 79' lang='lat' dir='ltr'>commeatu</span> <span class='ocrx_word' id='word_1_42' title='bbox 1284 506 1373 536; x_wconf 93' lang='lat' dir='ltr'>co-</span> 
     </span>
     <span class='ocr_line' id='line_1_7' title="bbox 84 554 1385 622; baseline -0.001 -18"><span class='ocrx_word' id='word_1_43' title='bbox 84 558 260 622; x_wconf 70' lang='lat' dir='ltr'>piaque</span> <span class='ocrx_word' id='word_1_44' title='bbox 285 573 440 604; x_wconf 88' lang='lat' dir='ltr'>rerum</span> <span class='ocrx_word' id='word_1_45' title='bbox 460 558 674 603; x_wconf 86' lang='lat' dir='ltr'>omnium</span> <span class='ocrx_word' id='word_1_46' title='bbox 700 557 905 604; x_wconf 78' lang='lat' dir='ltr'>maxime</span> <span class='ocrx_word' id='word_1_47' title='bbox 941 555 1078 602; x_wconf 79' lang='lat' dir='ltr'>vestis</span> <span class='ocrx_word' id='word_1_48' title='bbox 1101 594 1115 615; x_wconf 84' lang='lat'>,</span> <span class='ocrx_word' id='word_1_49' title='bbox 1146 555 1211 604; x_wconf 85' lang='lat' dir='ltr'>est</span> <span class='ocrx_word' id='word_1_50' title='bbox 1228 554 1385 619; x_wconf 72' lang='lat' dir='ltr'>adju-</span> 
     </span>
    </p>

    <p class='ocr_par' dir='ltr' id='par_1_5' title="bbox 87 622 1376 756">
     <span class='ocr_line' id='line_1_8' title="bbox 87 622 1376 688; baseline 0.001 -18"><span class='ocrx_word' id='word_1_51' title='bbox 87 638 195 680; x_wconf 86' lang='lat' dir='ltr'>tus,</span> <span class='ocrx_word' id='word_1_52' title='bbox 233 641 375 688; x_wconf 86' lang='lat' dir='ltr'>quam</span> <span class='ocrx_word' id='word_1_53' title='bbox 406 623 610 670; x_wconf 84' lang='lat' dir='ltr'>infames</span> <span class='ocrx_word' id='word_1_54' title='bbox 647 622 897 688; x_wconf 81' lang='lat' dir='ltr'>frigoribus</span> <span class='ocrx_word' id='word_1_55' title='bbox 937 624 1087 687; x_wconf 80' lang='lat' dir='ltr'>Alpes</span> <span class='ocrx_word' id='word_1_56' title='bbox 1123 625 1376 688; x_wconf 81' lang='lat' dir='ltr'>praeparari</span> 
     </span>
     <span class='ocr_line' id='line_1_9' title="bbox 88 689 1375 756; baseline 0 -18"><span class='ocrx_word' id='word_1_57' title='bbox 88 689 343 756; x_wconf 79' lang='lat' dir='ltr'>cogebant.</span> <span class='ocrx_word' id='word_1_58' title='bbox 390 689 575 738; x_wconf 86' lang='lat' dir='ltr'>Sedatis</span> <span class='ocrx_word' id='word_1_59' title='bbox 631 689 966 737; x_wconf 78' lang='lat' dir='ltr'>certaminibus</span> <span class='ocrx_word' id='word_1_60' title='bbox 1011 690 1335 756; x_wconf 86' lang='lat' dir='ltr'>Allobrogum</span> <span class='ocrx_word' id='word_1_61' title='bbox 1356 727 1375 748; x_wconf 95' lang='lat'>,</span> 
     </span>
    </p>

    <p class='ocr_par' dir='ltr' id='par_1_6' title="bbox 89 755 1378 889">
     <span class='ocr_line' id='line_1_10' title="bbox 89 755 1378 822; baseline 0.001 -18"><span class='ocrx_word' id='word_1_62' title='bbox 89 774 235 821; x_wconf 86' lang='lat' dir='ltr'>quum</span> <span class='ocrx_word' id='word_1_63' title='bbox 254 757 350 820; x_wconf 72' lang='lat' dir='ltr'>jam</span> <span class='ocrx_word' id='word_1_64' title='bbox 368 757 521 821; x_wconf 83' lang='lat' dir='ltr'>Alpes</span> <span class='ocrx_word' id='word_1_65' title='bbox 546 771 736 814; x_wconf 84' lang='lat' dir='ltr'>peteret</span> <span class='ocrx_word' id='word_1_66' title='bbox 760 793 774 814; x_wconf 80' lang='lat'>‚</span> <span class='ocrx_word' id='word_1_67' title='bbox 801 774 897 804; x_wconf 85' lang='lat' dir='ltr'>non</span> <span class='ocrx_word' id='word_1_68' title='bbox 921 755 1045 804; x_wconf 62' lang='lat' dir='ltr'>safra</span> <span class='ocrx_word' id='word_1_69' title='bbox 1068 760 1264 822; x_wconf 83' lang='lat' dir='ltr'>regione</span> <span class='ocrx_word' id='word_1_70' title='bbox 1286 759 1378 805; x_wconf 81' lang='lat' dir='ltr'>iter</span> 
     </span>
     <span class='ocr_line' id='line_1_11' title="bbox 90 822 1378 889; baseline 0.002 -18"><span class='ocrx_word' id='word_1_71' title='bbox 90 823 299 883; x_wconf 86' lang='lat' dir='ltr'>instituit,</span> <span class='ocrx_word' id='word_1_72' title='bbox 325 839 344 889; x_wconf 89' lang='lat'><em>5</em></span> <span class='ocrx_word' id='word_1_73' title='bbox 367 823 447 871; x_wconf 92' lang='lat' dir='ltr'>sed</span> <span class='ocrx_word' id='word_1_74' title='bbox 464 824 522 871; x_wconf 88' lang='lat' dir='ltr'>ad</span> <span class='ocrx_word' id='word_1_75' title='bbox 542 824 711 872; x_wconf 83' lang='lat' dir='ltr'>laevam</span> <span class='ocrx_word' id='word_1_76' title='bbox 727 824 772 870; x_wconf 87' lang='lat' dir='ltr'>in</span> <span class='ocrx_word' id='word_1_77' title='bbox 788 822 1078 871; x_wconf 80' lang='lat' dir='ltr'>Tricastinos</span> <span class='ocrx_word' id='word_1_78' title='bbox 1096 825 1247 882; x_wconf 78' lang='lat' dir='ltr'>flexit3</span> <span class='ocrx_word' id='word_1_79' title='bbox 1263 824 1378 873; x_wconf 89' lang='lat' dir='ltr'>inde</span> 
     </span>
    </p>

    <p class='ocr_par' dir='ltr' id='par_1_7' title="bbox 89 890 1379 1024">
     <span class='ocr_line' id='line_1_12' title="bbox 89 890 1377 957; baseline 0.001 -18"><span class='ocrx_word' id='word_1_80' title='bbox 89 908 176 956; x_wconf 90' lang='lat' dir='ltr'>per</span> <span class='ocrx_word' id='word_1_81' title='bbox 190 905 452 939; x_wconf 85' lang='lat' dir='ltr'>extremam</span> <span class='ocrx_word' id='word_1_82' title='bbox 473 890 982 940; x_wconf 87' lang='lat' dir='ltr'>oramVocontiorum</span> <span class='ocrx_word' id='word_1_83' title='bbox 997 893 1097 957; x_wconf 81' lang='lat' dir='ltr'>agri</span> <span class='ocrx_word' id='word_1_84' title='bbox 1112 893 1311 941; x_wconf 86' lang='lat' dir='ltr'>tetendit</span> <span class='ocrx_word' id='word_1_85' title='bbox 1328 893 1377 940; x_wconf 91' lang='lat' dir='ltr'>in</span> 
     </span>
     <span class='ocr_line' id='line_1_13' title="bbox 89 957 1379 1024; baseline 0.001 -19"><span class='ocrx_word' id='word_1_86' title='bbox 89 957 338 1006; x_wconf 90' lang='lat' dir='ltr'>Tricorios</span> <span class='ocrx_word' id='word_1_87' title='bbox 359 994 373 1015; x_wconf 92' lang='lat'>‚</span> <span class='ocrx_word' id='word_1_88' title='bbox 415 958 543 1006; x_wconf 82' lang='lat' dir='ltr'>haud</span> <span class='ocrx_word' id='word_1_89' title='bbox 577 957 773 1022; x_wconf 84' lang='lat' dir='ltr'>usquam</span> <span class='ocrx_word' id='word_1_90' title='bbox 809 958 1044 1023; x_wconf 71' lang='lat' dir='ltr'>impedita</span> <span class='ocrx_word' id='word_1_91' title='bbox 1077 960 1152 1007; x_wconf 66' lang='lat' dir='ltr'>via</span> <span class='ocrx_word' id='word_1_92' title='bbox 1181 997 1194 1018; x_wconf 81' lang='grc'>,</span> <span class='ocrx_word' id='word_1_93' title='bbox 1227 958 1379 1024; x_wconf 89' lang='lat' dir='ltr'>prius-</span> 
     </span>
    </p>

    <p class='ocr_par' dir='ltr' id='par_1_8' title="bbox 89 1023 1585 1293">
     <span class='ocr_line' id='line_1_14' title="bbox 90 1023 1585 1092; baseline -0.002 -20"><span class='ocrx_word' id='word_1_94' title='bbox 90 1043 232 1091; x_wconf 87' lang='lat' dir='ltr'>quam</span> <span class='ocrx_word' id='word_1_95' title='bbox 259 1025 316 1072; x_wconf 87' lang='lat' dir='ltr'>ad</span> <span class='ocrx_word' id='word_1_96' title='bbox 344 1023 631 1074; x_wconf 85' lang='lat' dir='ltr'>Druentiam</span> <span class='ocrx_word' id='word_1_97' title='bbox 659 1026 839 1072; x_wconf 81' lang='lat' dir='ltr'>flumen</span> <span class='ocrx_word' id='word_1_98' title='bbox 863 1026 1101 1089; x_wconf 80' lang='lat' dir='ltr'>pervenit.</span> <span class='ocrx_word' id='word_1_99' title='bbox 1122 1025 1166 1073; x_wconf 88' lang='lat' dir='ltr'>Is</span> <span class='ocrx_word' id='word_1_100' title='bbox 1199 1027 1248 1073; x_wconf 69' lang='grc' dir='ltr'>ἃ</span> <span class='ocrx_word' id='word_1_101' title='bbox 1277 1026 1374 1092; x_wconf 79' lang='lat' dir='ltr'>ipse</span> <span class='ocrx_word' id='word_1_102' title='bbox 1425 1030 1585 1071; x_wconf 67' lang='lat' dir='ltr'>Drueni</span> 
     </span>
     <span class='ocr_line' id='line_1_15' title="bbox 92 1091 1557 1158; baseline 0.001 -17"><span class='ocrx_word' id='word_1_103' title='bbox 92 1094 296 1158; x_wconf 85' lang='lat' dir='ltr'>Alpinus</span> <span class='ocrx_word' id='word_1_104' title='bbox 346 1094 496 1140; x_wconf 86' lang='lat' dir='ltr'>amnis</span> <span class='ocrx_word' id='word_1_105' title='bbox 518 1129 532 1153; x_wconf 85' lang='lat'>‚</span> <span class='ocrx_word' id='word_1_106' title='bbox 565 1093 709 1158; x_wconf 76' lang='lat' dir='ltr'>longe</span> <span class='ocrx_word' id='word_1_107' title='bbox 755 1094 970 1140; x_wconf 84' lang='lat' dir='ltr'>omnium</span> <span class='ocrx_word' id='word_1_108' title='bbox 1014 1091 1183 1140; x_wconf 68' lang='lat' dir='ltr'>Galliae</span> <span class='ocrx_word' id='word_1_109' title='bbox 1218 1094 1372 1142; x_wconf 82' lang='lat' dir='ltr'>flumi-</span> <span class='ocrx_word' id='word_1_110' title='bbox 1394 1097 1450 1132; x_wconf 72' lang='lat' dir='ltr'>tia</span> <span class='ocrx_word' id='word_1_111' title='bbox 1476 1106 1557 1130; x_wconf 80' lang='lat' dir='ltr'>am-</span> 
     </span>
     <span class='ocr_line' id='line_1_16' title="bbox 91 1153 1471 1227; baseline 0.001 -19"><span class='ocrx_word' id='word_1_112' title='bbox 91 1178 206 1208; x_wconf 81' lang='lat' dir='ltr'>num</span> <span class='ocrx_word' id='word_1_113' title='bbox 242 1158 545 1208; x_wconf 84' lang='lat' dir='ltr'>difficillimus</span> <span class='ocrx_word' id='word_1_114' title='bbox 576 1159 765 1207; x_wconf 78' lang='lat' dir='ltr'>transitu</span> <span class='ocrx_word' id='word_1_115' title='bbox 789 1158 855 1207; x_wconf 90' lang='lat' dir='ltr'>est</span> <span class='ocrx_word' id='word_1_116' title='bbox 875 1177 884 1206; x_wconf 90' lang='lat'>:</span> <span class='ocrx_word' id='word_1_117' title='bbox 904 1177 1013 1206; x_wconf 85' lang='lat' dir='ltr'>nam</span> <span class='ocrx_word' id='word_1_118' title='bbox 1036 1197 1049 1218; x_wconf 89' lang='lat'>,</span> <span class='ocrx_word' id='word_1_119' title='bbox 1075 1179 1221 1225; x_wconf 82' lang='lat' dir='ltr'>quum</span> <span class='ocrx_word' id='word_1_120' title='bbox 1245 1179 1375 1227; x_wconf 84' lang='lat' dir='ltr'>aquae</span> <span class='ocrx_word' id='word_1_121' title='bbox 1396 1153 1471 1195; x_wconf 59' lang='lat'><em>&#39;²3⁵⁰</em></span> 
     </span>
     <span class='ocr_line' id='line_1_17' title="bbox 89 1227 1378 1293; baseline 0.002 -18"><span class='ocrx_word' id='word_1_122' title='bbox 89 1229 190 1276; x_wconf 87' lang='lat' dir='ltr'>vim</span> <span class='ocrx_word' id='word_1_123' title='bbox 228 1227 371 1275; x_wconf 88' lang='lat' dir='ltr'>vehat</span> <span class='ocrx_word' id='word_1_124' title='bbox 401 1229 681 1292; x_wconf 79' lang='lat' dir='ltr'>ingentem,</span> <span class='ocrx_word' id='word_1_125' title='bbox 719 1243 816 1273; x_wconf 89' lang='lat' dir='ltr'>non</span> <span class='ocrx_word' id='word_1_126' title='bbox 857 1243 1017 1274; x_wconf 77' lang='lat' dir='ltr'>tamen</span> <span class='ocrx_word' id='word_1_127' title='bbox 1048 1231 1243 1276; x_wconf 83' lang='lat' dir='ltr'>navium</span> <span class='ocrx_word' id='word_1_128' title='bbox 1283 1247 1378 1293; x_wconf 86' lang='lat' dir='ltr'>pa—</span> 
     </span>
    </p>

    <p class='ocr_par' dir='ltr' id='par_1_9' title="bbox 94 1293 1379 1360">
     <span class='ocr_line' id='line_1_18' title="bbox 94 1293 1379 1360; baseline 0.001 -18"><span class='ocrx_word' id='word_1_129' title='bbox 94 1297 216 1342; x_wconf 80' lang='lat' dir='ltr'>tiens</span> <span class='ocrx_word' id='word_1_130' title='bbox 249 1293 350 1351; x_wconf 80' lang='lat' dir='ltr'>est,</span> <span class='ocrx_word' id='word_1_131' title='bbox 391 1297 498 1359; x_wconf 85' lang='lat' dir='ltr'>quia</span> <span class='ocrx_word' id='word_1_132' title='bbox 532 1295 669 1341; x_wconf 78' lang='lat' dir='ltr'>nullis</span> <span class='ocrx_word' id='word_1_133' title='bbox 714 1295 950 1341; x_wconf 76' lang='lat' dir='ltr'>coercitus</span> <span class='ocrx_word' id='word_1_134' title='bbox 985 1296 1127 1359; x_wconf 83' lang='lat' dir='ltr'>ripis,</span> <span class='ocrx_word' id='word_1_135' title='bbox 1166 1295 1379 1360; x_wconf 86' lang='lat' dir='ltr'>pluribus</span> 
     </span>
    </p>

    <p class='ocr_par' dir='ltr' id='par_1_10' title="bbox 95 1359 1381 1428">
     <span class='ocr_line' id='line_1_19' title="bbox 95 1359 1381 1428; baseline 0 -18"><span class='ocrx_word' id='word_1_136' title='bbox 95 1361 229 1410; x_wconf 85' lang='lat' dir='ltr'>fimul</span> <span class='ocrx_word' id='word_1_137' title='bbox 254 1399 272 1419; x_wconf 90' lang='lat'><em>,</em></span> <span class='ocrx_word' id='word_1_138' title='bbox 302 1377 460 1425; x_wconf 90' lang='lat' dir='ltr'>neque</span> <span class='ocrx_word' id='word_1_139' title='bbox 486 1360 652 1409; x_wconf 89' lang='lat' dir='ltr'>iisdem</span> <span class='ocrx_word' id='word_1_140' title='bbox 672 1359 820 1409; x_wconf 87' lang='lat' dir='ltr'>alveis</span> <span class='ocrx_word' id='word_1_141' title='bbox 839 1360 989 1409; x_wconf 84' lang='lat' dir='ltr'>fluens</span> <span class='ocrx_word' id='word_1_142' title='bbox 1012 1397 1026 1420; x_wconf 85' lang='lat'>‚</span> <span class='ocrx_word' id='word_1_143' title='bbox 1047 1379 1176 1410; x_wconf 85' lang='lat' dir='ltr'>nova</span> <span class='ocrx_word' id='word_1_144' title='bbox 1193 1362 1381 1428; x_wconf 86' lang='lat' dir='ltr'>semper</span> 
     </span>
    </p>

    <p class='ocr_par' dir='ltr' id='par_1_11' title="bbox 92 1426 1381 1495">
     <span class='ocr_line' id='line_1_20' title="bbox 92 1426 1381 1495; baseline 0 -16"><span class='ocrx_word' id='word_1_145' title='bbox 92 1429 217 1479; x_wconf 84' lang='lat' dir='ltr'>vada</span> <span class='ocrx_word' id='word_1_146' title='bbox 251 1427 498 1494; x_wconf 89' lang='lat' dir='ltr'>novosque</span> <span class='ocrx_word' id='word_1_147' title='bbox 533 1429 742 1495; x_wconf 82' lang='lat' dir='ltr'>gurgites</span> <span class='ocrx_word' id='word_1_148' title='bbox 776 1426 956 1477; x_wconf 87' lang='lat' dir='ltr'>faciens</span> <span class='ocrx_word' id='word_1_149' title='bbox 979 1426 999 1491; x_wconf 95' lang='lat'>(</span> <span class='ocrx_word' id='word_1_150' title='bbox 1022 1428 1071 1475; x_wconf 82' lang='lat'>&amp;</span> <span class='ocrx_word' id='word_1_151' title='bbox 1102 1429 1165 1477; x_wconf 91' lang='lat' dir='ltr'>ob</span> <span class='ocrx_word' id='word_1_152' title='bbox 1204 1431 1381 1479; x_wconf 86' lang='lat' dir='ltr'>eadem</span> 
     </span>
    </p>

    <p class='ocr_par' dir='ltr' id='par_1_12' title="bbox 94 1494 1383 1765">
     <span class='ocr_line' id='line_1_21' title="bbox 96 1494 1380 1563; baseline 0.002 -19"><span class='ocrx_word' id='word_1_153' title='bbox 96 1496 246 1563; x_wconf 89' lang='lat' dir='ltr'>pediti</span> <span class='ocrx_word' id='word_1_154' title='bbox 275 1514 470 1562; x_wconf 89' lang='lat' dir='ltr'>quoque</span> <span class='ocrx_word' id='word_1_155' title='bbox 509 1497 686 1545; x_wconf 86' lang='lat' dir='ltr'>incerta</span> <span class='ocrx_word' id='word_1_156' title='bbox 726 1497 805 1543; x_wconf 83' lang='lat' dir='ltr'>via</span> <span class='ocrx_word' id='word_1_157' title='bbox 845 1494 949 1562; x_wconf 85' lang='lat' dir='ltr'>est)</span> <span class='ocrx_word' id='word_1_158' title='bbox 987 1495 1046 1543; x_wconf 91' lang='lat' dir='ltr'>ad</span> <span class='ocrx_word' id='word_1_159' title='bbox 1084 1496 1184 1544; x_wconf 84' lang='lat' dir='ltr'>haec</span> <span class='ocrx_word' id='word_1_160' title='bbox 1216 1497 1246 1545; x_wconf 88' lang='lat'><em>6</em></span> <span class='ocrx_word' id='word_1_161' title='bbox 1273 1500 1380 1547; x_wconf 82' lang='lat' dir='ltr'>saxa</span> 
     </span>
     <span class='ocr_line' id='line_1_22' title="bbox 94 1561 1381 1631; baseline 0 -19"><span class='ocrx_word' id='word_1_162' title='bbox 94 1563 303 1631; x_wconf 81' lang='lat' dir='ltr'>glareosa</span> <span class='ocrx_word' id='word_1_163' title='bbox 342 1564 547 1613; x_wconf 85' lang='lat' dir='ltr'>volvens</span> <span class='ocrx_word' id='word_1_164' title='bbox 581 1601 597 1621; x_wconf 90' lang='lat'>‚</span> <span class='ocrx_word' id='word_1_165' title='bbox 634 1562 749 1612; x_wconf 88' lang='lat' dir='ltr'>nihil</span> <span class='ocrx_word' id='word_1_166' title='bbox 789 1561 953 1612; x_wconf 82' lang='lat' dir='ltr'>stabile</span> <span class='ocrx_word' id='word_1_167' title='bbox 986 1580 1075 1611; x_wconf 87' lang='lat' dir='ltr'>nec</span> <span class='ocrx_word' id='word_1_168' title='bbox 1117 1579 1273 1612; x_wconf 88' lang='lat' dir='ltr'>tutum</span> <span class='ocrx_word' id='word_1_169' title='bbox 1305 1566 1381 1613; x_wconf 88' lang='lat' dir='ltr'>in-</span> 
     </span>
     <span class='ocr_line' id='line_1_23' title="bbox 98 1629 1383 1698; baseline 0.001 -19"><span class='ocrx_word' id='word_1_170' title='bbox 98 1632 331 1698; x_wconf 85' lang='lat' dir='ltr'>gredienti</span> <span class='ocrx_word' id='word_1_171' title='bbox 350 1633 531 1696; x_wconf 80' lang='lat' dir='ltr'>praebet</span> <span class='ocrx_word' id='word_1_172' title='bbox 553 1649 565 1689; x_wconf 92' lang='lat'>;</span> <span class='ocrx_word' id='word_1_173' title='bbox 591 1632 642 1680; x_wconf 86' lang='lat'>&amp;</span> <span class='ocrx_word' id='word_1_174' title='bbox 676 1645 778 1678; x_wconf 88' lang='lat' dir='ltr'>tum</span> <span class='ocrx_word' id='word_1_175' title='bbox 799 1629 925 1679; x_wconf 79' lang='lat' dir='ltr'>forte</span> <span class='ocrx_word' id='word_1_176' title='bbox 943 1631 1175 1680; x_wconf 86' lang='lat' dir='ltr'>imbribus</span> <span class='ocrx_word' id='word_1_177' title='bbox 1190 1630 1348 1680; x_wconf 59' lang='lat' dir='ltr'>aneius</span> <span class='ocrx_word' id='word_1_178' title='bbox 1366 1669 1383 1694; x_wconf 86' lang='lat'>‚</span> 
     </span>
     <span class='ocr_line' id='line_1_24' title="bbox 94 1698 1382 1765; baseline 0.001 -18"><span class='ocrx_word' id='word_1_179' title='bbox 94 1702 339 1765; x_wconf 84' lang='lat' dir='ltr'>ingentem</span> <span class='ocrx_word' id='word_1_180' title='bbox 388 1698 841 1765; x_wconf 82' lang='lat' dir='ltr'>transgredientibus</span> <span class='ocrx_word' id='word_1_181' title='bbox 900 1699 1158 1747; x_wconf 86' lang='lat' dir='ltr'>tumultum</span> <span class='ocrx_word' id='word_1_182' title='bbox 1218 1698 1334 1748; x_wconf 86' lang='lat' dir='ltr'>fecit</span> <span class='ocrx_word' id='word_1_183' title='bbox 1365 1736 1382 1760; x_wconf 88' lang='lat'>,</span> 
     </span>
    </p>

    <p class='ocr_par' dir='ltr' id='par_1_13' title="bbox 95 1764 1383 1882">
     <span class='ocr_line' id='line_1_25' title="bbox 95 1764 1383 1833; baseline 0.002 -19"><span class='ocrx_word' id='word_1_184' title='bbox 95 1784 243 1833; x_wconf 87' lang='lat' dir='ltr'>quum</span> <span class='ocrx_word' id='word_1_185' title='bbox 288 1767 427 1830; x_wconf 89' lang='lat' dir='ltr'>super</span> <span class='ocrx_word' id='word_1_186' title='bbox 466 1781 624 1814; x_wconf 87' lang='lat' dir='ltr'>cetera</span> <span class='ocrx_word' id='word_1_187' title='bbox 654 1766 971 1830; x_wconf 86' lang='lat' dir='ltr'>trepidatione</span> <span class='ocrx_word' id='word_1_188' title='bbox 1005 1764 1090 1832; x_wconf 69' lang='lat' dir='ltr'>ipsi</span> <span class='ocrx_word' id='word_1_189' title='bbox 1126 1765 1207 1815; x_wconf 59' lang='lat' dir='ltr'>sua</span> <span class='ocrx_word' id='word_1_190' title='bbox 1236 1781 1383 1833; x_wconf 84' lang='lat' dir='ltr'>atque</span> 
     </span>
     <span class='ocr_line' id='line_1_26' title="bbox 95 1833 942 1882; baseline -0.001 0"><span class='ocrx_word' id='word_1_191' title='bbox 95 1835 282 1882; x_wconf 85' lang='lat' dir='ltr'>incertis</span> <span class='ocrx_word' id='word_1_192' title='bbox 309 1834 595 1882; x_wconf 87' lang='lat' dir='ltr'>clamoribus</span> <span class='ocrx_word' id='word_1_193' title='bbox 624 1833 942 1881; x_wconf 87' lang='lat' dir='ltr'>turbarentur.</span> 
     </span>
    </p>
   </div>
   <div class='ocr_carea' id='block_1_3' title="bbox 162 1898 1596 1967">
    <p class='ocr_par' dir='ltr' id='par_1_14' title="bbox 162 1898 1596 1967">
     <span class='ocr_line' id='line_1_27' title="bbox 162 1898 1596 1967; baseline 0.001 -19"><span class='ocrx_word' id='word_1_194' title='bbox 162 1900 373 1949; x_wconf 79' lang='lat' dir='ltr'><strong>XXXII.</strong></span> <span class='ocrx_word' id='word_1_195' title='bbox 389 1900 439 1948; x_wconf 84' lang='lat' dir='ltr'>P.</span> <span class='ocrx_word' id='word_1_196' title='bbox 455 1898 710 1951; x_wconf 84' lang='lat' dir='ltr'>Cornelius</span> <span class='ocrx_word' id='word_1_197' title='bbox 726 1899 915 1960; x_wconf 85' lang='lat' dir='ltr'>consul,</span> <span class='ocrx_word' id='word_1_198' title='bbox 931 1900 1091 1950; x_wconf 87' lang='lat' dir='ltr'>triduo</span> <span class='ocrx_word' id='word_1_199' title='bbox 1107 1899 1208 1950; x_wconf 74' lang='lat' dir='ltr'>fere</span> <span class='ocrx_word' id='word_1_200' title='bbox 1225 1938 1239 1962; x_wconf 87' lang='lat'><strong>,</strong></span> <span class='ocrx_word' id='word_1_201' title='bbox 1253 1900 1382 1967; x_wconf 87' lang='lat' dir='ltr'>post·</span> <span class='ocrx_word' id='word_1_202' title='bbox 1417 1919 1469 1963; x_wconf 55' lang='lat' dir='ltr'>p,</span> <span class='ocrx_word' id='word_1_203' title='bbox 1500 1924 1596 1965; x_wconf 53' lang='lat' dir='ltr'>co„</span> 
     </span>
    </p>
   </div>
   <div class='ocr_carea' id='block_1_4' title="bbox 98 1984 1597 2715">
    <p class='ocr_par' dir='ltr' id='par_1_15' title="bbox 98 1984 1597 2287">
     <span class='ocr_line' id='line_1_28' title="bbox 127 1984 1529 2046; baseline 0.001 -19"><span class='ocrx_word' id='word_1_204' title='bbox 127 1985 708 2046; x_wconf 52' lang='lat' dir='ltr'>4Qubdeasenat115...senten-</span> <span class='ocrx_word' id='word_1_205' title='bbox 769 1987 1011 2028; x_wconf 84' lang='lat' dir='ltr'>Tricastinos</span> <span class='ocrx_word' id='word_1_206' title='bbox 1049 1988 1138 2027; x_wconf 85' lang='lat' dir='ltr'>inde</span> <span class='ocrx_word' id='word_1_207' title='bbox 1163 2000 1306 2042; x_wconf 86' lang='lat' dir='ltr'>petens</span> <span class='ocrx_word' id='word_1_208' title='bbox 1335 1990 1379 2030; x_wconf 84' lang='lat' dir='ltr'>ad</span> <span class='ocrx_word' id='word_1_209' title='bbox 1402 1984 1529 2024; x_wconf 71' lang='lat' dir='ltr'>nelius</span> 
     </span>
     <span class='ocr_line' id='line_1_29' title="bbox 101 2044 1597 2103; baseline -0.001 -12"><span class='ocrx_word' id='word_1_210' title='bbox 101 2049 331 2103; x_wconf 70' lang='lat' dir='ltr'>tiaficerat]</span> <span class='ocrx_word' id='word_1_211' title='bbox 367 2049 490 2101; x_wconf 76' lang='lat' dir='ltr'>Quod</span> <span class='ocrx_word' id='word_1_212' title='bbox 517 2050 570 2089; x_wconf 62' lang='lat' dir='ltr'>ita</span> <span class='ocrx_word' id='word_1_213' title='bbox 599 2050 708 2089; x_wconf 83' lang='lat' dir='ltr'>sena·</span> <span class='ocrx_word' id='word_1_214' title='bbox 771 2049 997 2089; x_wconf 83' lang='lat' dir='ltr'>laevamiter</span> <span class='ocrx_word' id='word_1_215' title='bbox 1021 2049 1170 2088; x_wconf 74' lang='lat' dir='ltr'>flexisse</span> <span class='ocrx_word' id='word_1_216' title='bbox 1186 2050 1339 2089; x_wconf 75' lang='lat' dir='ltr'>dicatur</span> <span class='ocrx_word' id='word_1_217' title='bbox 1369 2079 1380 2099; x_wconf 91' lang='lat'><em>,</em></span> <span class='ocrx_word' id='word_1_218' title='bbox 1402 2044 1518 2098; x_wconf 81' lang='lat' dir='ltr'>claffe</span> <span class='ocrx_word' id='word_1_219' title='bbox 1554 2044 1597 2085; x_wconf 71' lang='lat' dir='ltr'>in</span> 
     </span>
     <span class='ocr_line' id='line_1_30' title="bbox 100 2104 1566 2167; baseline 0.001 -16"><span class='ocrx_word' id='word_1_220' title='bbox 100 2121 164 2152; x_wconf 87' lang='lat' dir='ltr'>tus</span> <span class='ocrx_word' id='word_1_221' title='bbox 185 2111 449 2165; x_wconf 81' lang='lat' dir='ltr'>Allobrogum</span> <span class='ocrx_word' id='word_1_222' title='bbox 469 2110 705 2151; x_wconf 83' lang='lat' dir='ltr'>censuerat:</span> <span class='ocrx_word' id='word_1_223' title='bbox 772 2110 837 2164; x_wconf 84' lang='lat' dir='ltr'>qui</span> <span class='ocrx_word' id='word_1_224' title='bbox 851 2108 983 2164; x_wconf 73' lang='lat' dir='ltr'>potius</span> <span class='ocrx_word' id='word_1_225' title='bbox 996 2111 1158 2165; x_wconf 75' lang='lat' dir='ltr'>vestigia</span> <span class='ocrx_word' id='word_1_226' title='bbox 1174 2112 1383 2167; x_wconf 82' lang='lat' dir='ltr'>relegebat</span> <span class='ocrx_word' id='word_1_227' title='bbox 1402 2104 1566 2147; x_wconf 70' lang='lat' dir='ltr'>Italiam</span> 
     </span>
     <span class='ocr_line' id='line_1_31' title="bbox 98 2166 1523 2225; baseline -0.004 -13"><span class='ocrx_word' id='word_1_228' title='bbox 98 2186 241 2225; x_wconf 87' lang='lat' dir='ltr'>nempe</span> <span class='ocrx_word' id='word_1_229' title='bbox 265 2172 469 2225; x_wconf 81' lang='lat' dir='ltr'>imperium</span> <span class='ocrx_word' id='word_1_230' title='bbox 489 2171 629 2225; x_wconf 84' lang='lat' dir='ltr'>majori</span> <span class='ocrx_word' id='word_1_231' title='bbox 649 2185 708 2211; x_wconf 89' lang='lat' dir='ltr'>re·</span> <span class='ocrx_word' id='word_1_232' title='bbox 772 2173 853 2211; x_wconf 71' lang='lat' dir='ltr'>sua.</span> <span class='ocrx_word' id='word_1_233' title='bbox 1403 2166 1523 2212; x_wconf 82' lang='lat' dir='ltr'>redit.</span> 
     </span>
     <span class='ocr_line' id='line_1_32' title="bbox 100 2228 1387 2287; baseline 0.001 -14"><span class='ocrx_word' id='word_1_234' title='bbox 100 2233 338 2274; x_wconf 78' lang='lat' dir='ltr'>stituendum</span> <span class='ocrx_word' id='word_1_235' title='bbox 355 2232 447 2273; x_wconf 80' lang='lat' dir='ltr'>effe.</span> <span class='ocrx_word' id='word_1_236' title='bbox 836 2231 860 2272; x_wconf 89' lang='lat'>6</span> <span class='ocrx_word' id='word_1_237' title='bbox 882 2231 993 2271; x_wconf 78' lang='lat' dir='ltr'>Saxa</span> <span class='ocrx_word' id='word_1_238' title='bbox 1008 2228 1209 2287; x_wconf 82' lang='lat' dir='ltr'>glareosa]</span> <span class='ocrx_word' id='word_1_239' title='bbox 1233 2231 1387 2274; x_wconf 85' lang='lat' dir='ltr'>Glarea</span> 
     </span>
    </p>

    <p class='ocr_par' dir='ltr' id='par_1_16' title="bbox 168 2291 1389 2346">
     <span class='ocr_line' id='line_1_33' title="bbox 168 2291 1389 2346; baseline 0.003 -14"><span class='ocrx_word' id='word_1_240' title='bbox 168 2306 185 2344; x_wconf 83' lang='lat'><em>5</em></span> <span class='ocrx_word' id='word_1_241' title='bbox 210 2294 276 2332; x_wconf 81' lang='lat' dir='ltr'>Ad</span> <span class='ocrx_word' id='word_1_242' title='bbox 301 2294 436 2333; x_wconf 76' lang='lat' dir='ltr'>laevam</span> <span class='ocrx_word' id='word_1_243' title='bbox 461 2292 500 2332; x_wconf 84' lang='lat' dir='ltr'>in</span> <span class='ocrx_word' id='word_1_244' title='bbox 529 2292 709 2343; x_wconf 78' lang='lat' dir='ltr'>Tricasti·</span> <span class='ocrx_word' id='word_1_245' title='bbox 773 2291 826 2332; x_wconf 82' lang='lat' dir='ltr'>est</span> <span class='ocrx_word' id='word_1_246' title='bbox 853 2303 958 2333; x_wconf 83' lang='lat' dir='ltr'>terra</span> <span class='ocrx_word' id='word_1_247' title='bbox 992 2293 1165 2346; x_wconf 79' lang='lat' dir='ltr'>lapidosa</span> <span class='ocrx_word' id='word_1_248' title='bbox 1182 2320 1193 2339; x_wconf 91' lang='lat'>,</span> <span class='ocrx_word' id='word_1_249' title='bbox 1225 2293 1389 2337; x_wconf 82' lang='lat' dir='ltr'>minutis</span> 
     </span>
    </p>

    <p class='ocr_par' dir='ltr' id='par_1_17' title="bbox 101 2353 1388 2715">
     <span class='ocr_line' id='line_1_34' title="bbox 101 2353 1386 2409; baseline 0.001 -14"><span class='ocrx_word' id='word_1_250' title='bbox 101 2369 172 2395; x_wconf 82' lang='lat' dir='ltr'>nos</span> <span class='ocrx_word' id='word_1_251' title='bbox 185 2353 324 2409; x_wconf 79' lang='lat' dir='ltr'>flexit]</span> <span class='ocrx_word' id='word_1_252' title='bbox 344 2354 452 2395; x_wconf 84' lang='lat' dir='ltr'>Nihil</span> <span class='ocrx_word' id='word_1_253' title='bbox 467 2354 515 2393; x_wconf 86' lang='lat' dir='ltr'>de</span> <span class='ocrx_word' id='word_1_254' title='bbox 529 2355 607 2393; x_wconf 89' lang='lat' dir='ltr'>hoc</span> <span class='ocrx_word' id='word_1_255' title='bbox 626 2354 709 2394; x_wconf 89' lang='lat' dir='ltr'>An·</span> <span class='ocrx_word' id='word_1_256' title='bbox 773 2354 913 2393; x_wconf 82' lang='lat' dir='ltr'>saxulis</span> <span class='ocrx_word' id='word_1_257' title='bbox 970 2354 1012 2394; x_wconf 68' lang='grc' dir='ltr'>ὅ(</span> <span class='ocrx_word' id='word_1_258' title='bbox 1044 2354 1187 2407; x_wconf 84' lang='lat' dir='ltr'>lapillis</span> <span class='ocrx_word' id='word_1_259' title='bbox 1231 2354 1386 2408; x_wconf 86' lang='lat' dir='ltr'>aspera.</span> 
     </span>
     <span class='ocr_line' id='line_1_35' title="bbox 103 2414 1385 2469; baseline -0.001 -13"><span class='ocrx_word' id='word_1_260' title='bbox 103 2415 242 2456; x_wconf 84' lang='lat' dir='ltr'>nibalis</span> <span class='ocrx_word' id='word_1_261' title='bbox 273 2414 415 2455; x_wconf 86' lang='lat' dir='ltr'>itinere</span> <span class='ocrx_word' id='word_1_262' title='bbox 435 2415 554 2454; x_wconf 85' lang='lat' dir='ltr'>babet</span> <span class='ocrx_word' id='word_1_263' title='bbox 582 2414 709 2469; x_wconf 80' lang='lat' dir='ltr'>Poly·</span> <span class='ocrx_word' id='word_1_264' title='bbox 770 2414 911 2468; x_wconf 86' lang='lat' dir='ltr'>Itaque</span> <span class='ocrx_word' id='word_1_265' title='bbox 948 2428 1028 2454; x_wconf 89' lang='lat' dir='ltr'>non</span> <span class='ocrx_word' id='word_1_266' title='bbox 1061 2415 1150 2454; x_wconf 83' lang='lat' dir='ltr'>satis</span> <span class='ocrx_word' id='word_1_267' title='bbox 1186 2426 1352 2468; x_wconf 81' lang='lat' dir='ltr'>apparet</span> <span class='ocrx_word' id='word_1_268' title='bbox 1372 2444 1385 2464; x_wconf 82' lang='lat'>‚</span> 
     </span>
     <span class='ocr_line' id='line_1_36' title="bbox 103 2473 1386 2529; baseline -0.001 -13"><span class='ocrx_word' id='word_1_269' title='bbox 103 2477 206 2517; x_wconf 86' lang='lat' dir='ltr'>bius.</span> <span class='ocrx_word' id='word_1_270' title='bbox 229 2475 279 2516; x_wconf 86' lang='lat' dir='ltr'>Et</span> <span class='ocrx_word' id='word_1_271' title='bbox 300 2474 389 2515; x_wconf 76' lang='lat' dir='ltr'>sane</span> <span class='ocrx_word' id='word_1_272' title='bbox 409 2490 489 2515; x_wconf 88' lang='lat' dir='ltr'>non</span> <span class='ocrx_word' id='word_1_273' title='bbox 510 2474 626 2515; x_wconf 78' lang='lat' dir='ltr'>facile</span> <span class='ocrx_word' id='word_1_274' title='bbox 654 2476 710 2514; x_wconf 90' lang='lat' dir='ltr'>in·</span> <span class='ocrx_word' id='word_1_275' title='bbox 774 2476 867 2526; x_wconf 88' lang='lat' dir='ltr'>quid</span> <span class='ocrx_word' id='word_1_276' title='bbox 882 2473 1062 2526; x_wconf 81' lang='lat' dir='ltr'>fintsaxa</span> <span class='ocrx_word' id='word_1_277' title='bbox 1076 2473 1272 2529; x_wconf 80' lang='lat' dir='ltr'>glareosa.</span> <span class='ocrx_word' id='word_1_278' title='bbox 1287 2477 1386 2520; x_wconf 62' lang='lat' dir='ltr'>Suba</span> 
     </span>
     <span class='ocr_line' id='line_1_37' title="bbox 103 2533 1388 2596; baseline 0.002 -19"><span class='ocrx_word' id='word_1_279' title='bbox 103 2537 328 2591; x_wconf 77' lang='lat' dir='ltr'>telligitur‚</span> <span class='ocrx_word' id='word_1_280' title='bbox 357 2537 559 2589; x_wconf 87' lang='lat' dir='ltr'>quomodo</span> <span class='ocrx_word' id='word_1_281' title='bbox 589 2536 710 2576; x_wconf 86' lang='lat' dir='ltr'>Anni·</span> <span class='ocrx_word' id='word_1_282' title='bbox 773 2534 856 2589; x_wconf 80' lang='lat' dir='ltr'>jicit</span> <span class='ocrx_word' id='word_1_283' title='bbox 882 2536 1141 2588; x_wconf 78' lang='lat' dir='ltr'>Gronovius,</span> <span class='ocrx_word' id='word_1_284' title='bbox 1162 2533 1266 2591; x_wconf 77' lang='lat' dir='ltr'>saxa</span> <span class='ocrx_word' id='word_1_285' title='bbox 1293 2537 1388 2596; x_wconf 50' lang='grc' dir='ltr'>εἰει,</span> 
     </span>
     <span class='ocr_line' id='line_1_38' title="bbox 103 2594 947 2654; baseline 0.001 -15"><span class='ocrx_word' id='word_1_286' title='bbox 103 2600 167 2639; x_wconf 80' lang='lat' dir='ltr'>bal</span> <span class='ocrx_word' id='word_1_287' title='bbox 186 2626 196 2644; x_wconf 90' lang='lat'>‚</span> <span class='ocrx_word' id='word_1_288' title='bbox 226 2597 292 2650; x_wconf 86' lang='lat' dir='ltr'>qui</span> <span class='ocrx_word' id='word_1_289' title='bbox 310 2596 476 2637; x_wconf 61' lang='lat' dir='ltr'>adversa</span> <span class='ocrx_word' id='word_1_290' title='bbox 501 2596 585 2650; x_wconf 65' lang='lat' dir='ltr'>ripa</span> <span class='ocrx_word' id='word_1_291' title='bbox 604 2597 712 2638; x_wconf 84' lang='lat' dir='ltr'>Rho·</span> <span class='ocrx_word' id='word_1_292' title='bbox 774 2594 947 2654; x_wconf 63' lang='lat' dir='ltr'>reasque,</span> 
     </span>
     <span class='ocr_line' id='line_1_39' title="bbox 105 2658 710 2715; baseline -0.003 -12"><span class='ocrx_word' id='word_1_293' title='bbox 105 2659 195 2703; x_wconf 78' lang='lat' dir='ltr'>dani</span> <span class='ocrx_word' id='word_1_294' title='bbox 210 2659 258 2701; x_wconf 82' lang='lat' dir='ltr'>ad</span> <span class='ocrx_word' id='word_1_295' title='bbox 283 2658 422 2702; x_wconf 76' lang='lat' dir='ltr'>Isaram</span> <span class='ocrx_word' id='word_1_296' title='bbox 439 2668 710 2715; x_wconf 76' lang='lat' dir='ltr'>pervenerat,</span> 
     </span>
    </p>
   </div>
  </div>
 </body>
</html>
