<?xml version="1.0" encoding="UTF-8"?>
<!DOCTYPE html PUBLIC "-//W3C//DTD XHTML 1.0 Transitional//EN"
    "http://www.w3.org/TR/xhtml1/DTD/xhtml1-transitional.dtd">
<html xmlns="http://www.w3.org/1999/xhtml" xml:lang="en" lang="en">
 <head>
  <title>
</title>
<meta http-equiv="Content-Type" content="text/html;charset=utf-8" />
  <meta name='ocr-system' content='tesseract 3.04.00' />
  <meta name='ocr-capabilities' content='ocr_page ocr_carea ocr_par ocr_line ocrx_word'/>
</head>
<body>
  <div class='ocr_page' id='page_1' title='image "./tliviipatavinihi0201livy_0230.png"; bbox 0 0 1684 3088; ppageno 0'>
   <div class='ocr_carea' id='block_1_1' title="bbox 86 177 280 281">
    <p class='ocr_par' dir='ltr' id='par_1_1' title="bbox 86 177 280 281">
     <span class='ocr_line' id='line_1_1' title="bbox 92 177 279 235; baseline 0.016 -13"><span class='ocrx_word' id='word_1_1' title='bbox 92 177 279 235; x_wconf 71' lang='lat' dir='ltr'>U.c.536.</span> 
     </span>
     <span class='ocr_line' id='line_1_2' title="bbox 86 236 280 281; baseline 0.01 -2"><span class='ocrx_word' id='word_1_2' title='bbox 86 236 280 281; x_wconf 54' lang='lat' dir='ltr'>memo.</span> 
     </span>
    </p>
   </div>
   <div class='ocr_carea' id='block_1_2' title="bbox 300 100 1314 176">
    <p class='ocr_par' dir='ltr' id='par_1_2' title="bbox 300 100 1314 176">
     <span class='ocr_line' id='line_1_3' title="bbox 300 100 1314 176; baseline 0.028 -28"><span class='ocrx_word' id='word_1_3' title='bbox 300 111 419 151; x_wconf 81' lang='lat'>222</span> <span class='ocrx_word' id='word_1_4' title='bbox 624 100 1314 176; x_wconf 79' lang='lat' dir='ltr'>T1T1L1V11</span> 
     </span>
    </p>
   </div>
   <div class='ocr_carea' id='block_1_3' title="bbox 255 190 1600 2735">
    <p class='ocr_par' dir='ltr' id='par_1_3' title="bbox 264 190 1600 2170">
     <span class='ocr_line' id='line_1_4' title="bbox 303 190 1592 288; baseline 0.029 -51"><span class='ocrx_word' id='word_1_5' title='bbox 303 190 696 264; x_wconf 82' lang='lat' dir='ltr'>desciverantque</span> <span class='ocrx_word' id='word_1_6' title='bbox 744 202 801 251; x_wconf 82' lang='lat' dir='ltr'>iis</span> <span class='ocrx_word' id='word_1_7' title='bbox 857 205 1128 261; x_wconf 55' lang='lat' dir='ltr'>auctoribus</span> <span class='ocrx_word' id='word_1_8' title='bbox 1175 215 1317 265; x_wconf 88' lang='lat' dir='ltr'>urbes</span> <span class='ocrx_word' id='word_1_9' title='bbox 1371 216 1592 288; x_wconf 73' lang='lat' dir='ltr'>aliquot:</span> 
     </span>
     <span class='ocr_line' id='line_1_5' title="bbox 302 264 1600 356; baseline 0.028 -51"><span class='ocrx_word' id='word_1_10' title='bbox 302 276 394 308; x_wconf 89' lang='lat' dir='ltr'>una</span> <span class='ocrx_word' id='word_1_11' title='bbox 423 264 568 310; x_wconf 75' lang='lat' dir='ltr'>etiam</span> <span class='ocrx_word' id='word_1_12' title='bbox 597 266 656 314; x_wconf 83' lang='lat' dir='ltr'>ab</span> <span class='ocrx_word' id='word_1_13' title='bbox 688 269 797 336; x_wconf 82' lang='lat' dir='ltr'>ipsis</span> <span class='ocrx_word' id='word_1_14' title='bbox 831 274 881 321; x_wconf 85' lang='lat' dir='ltr'>vi</span> <span class='ocrx_word' id='word_1_15' title='bbox 909 293 1048 341; x_wconf 79' lang='lat' dir='ltr'>capta</span> <span class='ocrx_word' id='word_1_16' title='bbox 1076 278 1244 332; x_wconf 73' lang='lat' dir='ltr'>fuerat.</span> <span class='ocrx_word' id='word_1_17' title='bbox 1268 283 1323 332; x_wconf 85' lang='lat' dir='ltr'>In</span> <span class='ocrx_word' id='word_1_18' title='bbox 1347 301 1452 336; x_wconf 85' lang='lat' dir='ltr'>eam</span> <span class='ocrx_word' id='word_1_19' title='bbox 1477 307 1600 356; x_wconf 85' lang='lat' dir='ltr'>gen-</span> 
     </span>
     <span class='ocr_line' id='line_1_6' title="bbox 296 330 1593 412; baseline 0.026 -38"><span class='ocrx_word' id='word_1_20' title='bbox 296 339 399 376; x_wconf 79' lang='lat' dir='ltr'>tem</span> <span class='ocrx_word' id='word_1_21' title='bbox 431 330 621 381; x_wconf 86' lang='lat' dir='ltr'>versum</span> <span class='ocrx_word' id='word_1_22' title='bbox 654 336 714 385; x_wconf 85' lang='lat' dir='ltr'>ab</span> <span class='ocrx_word' id='word_1_23' title='bbox 762 337 997 391; x_wconf 85' lang='lat' dir='ltr'>Romanis</span> <span class='ocrx_word' id='word_1_24' title='bbox 1038 345 1220 398; x_wconf 82' lang='lat' dir='ltr'>bellum</span> <span class='ocrx_word' id='word_1_25' title='bbox 1261 351 1356 412; x_wconf 82' lang='lat' dir='ltr'>est3</span> <span class='ocrx_word' id='word_1_26' title='bbox 1391 356 1593 408; x_wconf 88' lang='lat' dir='ltr'>infesto-</span> 
     </span>
     <span class='ocr_line' id='line_1_7' title="bbox 294 402 1594 486; baseline 0.027 -45"><span class='ocrx_word' id='word_1_27' title='bbox 294 411 391 459; x_wconf 89' lang='lat' dir='ltr'>que</span> <span class='ocrx_word' id='word_1_28' title='bbox 438 402 648 452; x_wconf 82' lang='lat' dir='ltr'>exercitu</span> <span class='ocrx_word' id='word_1_29' title='bbox 707 404 945 459; x_wconf 81' lang='lat' dir='ltr'>Asdrubal</span> <span class='ocrx_word' id='word_1_30' title='bbox 989 412 1217 481; x_wconf 77' lang='lat' dir='ltr'>ingressus</span> <span class='ocrx_word' id='word_1_31' title='bbox 1276 437 1442 486; x_wconf 82' lang='lat' dir='ltr'>agrum</span> <span class='ocrx_word' id='word_1_32' title='bbox 1495 426 1594 476; x_wconf 89' lang='lat' dir='ltr'>ho·-</span> 
     </span>
     <span class='ocr_line' id='line_1_8' title="bbox 287 461 1588 548; baseline 0.027 -39"><span class='ocrx_word' id='word_1_33' title='bbox 287 461 431 513; x_wconf 72' lang='lat' dir='ltr'>ssium</span> <span class='ocrx_word' id='word_1_34' title='bbox 450 502 466 526; x_wconf 83' lang='lat'>‚</span> <span class='ocrx_word' id='word_1_35' title='bbox 492 484 581 530; x_wconf 82' lang='lat' dir='ltr'>pro</span> <span class='ocrx_word' id='word_1_36' title='bbox 614 486 765 536; x_wconf 82' lang='lat' dir='ltr'>captae</span> <span class='ocrx_word' id='word_1_37' title='bbox 794 490 910 527; x_wconf 82' lang='lat' dir='ltr'>ante</span> <span class='ocrx_word' id='word_1_38' title='bbox 941 478 1044 530; x_wconf 85' lang='lat' dir='ltr'>dies</span> <span class='ocrx_word' id='word_1_39' title='bbox 1073 500 1252 548; x_wconf 82' lang='lat' dir='ltr'>paucos</span> <span class='ocrx_word' id='word_1_40' title='bbox 1281 490 1411 538; x_wconf 81' lang='lat' dir='ltr'>urbis</span> <span class='ocrx_word' id='word_1_41' title='bbox 1455 510 1588 543; x_wconf 87' lang='lat' dir='ltr'>moe-</span> 
     </span>
     <span class='ocr_line' id='line_1_9' title="bbox 292 532 1591 624; baseline 0.028 -47"><span class='ocrx_word' id='word_1_42' title='bbox 292 532 433 581; x_wconf 82' lang='lat' dir='ltr'>nibus</span> <span class='ocrx_word' id='word_1_43' title='bbox 453 570 467 593; x_wconf 87' lang='lat'><strong>,</strong></span> <span class='ocrx_word' id='word_1_44' title='bbox 493 533 707 587; x_wconf 82' lang='lat' dir='ltr'>Galbum</span> <span class='ocrx_word' id='word_1_45' title='bbox 728 578 741 599; x_wconf 90' lang='lat'>‚</span> <span class='ocrx_word' id='word_1_46' title='bbox 762 543 980 595; x_wconf 87' lang='lat' dir='ltr'>nobilem</span> <span class='ocrx_word' id='word_1_47' title='bbox 1004 547 1349 605; x_wconf 76' lang='lat' dir='ltr'>Tartessiorum</span> <span class='ocrx_word' id='word_1_48' title='bbox 1376 557 1550 610; x_wconf 84' lang='lat' dir='ltr'>ducem</span> <span class='ocrx_word' id='word_1_49' title='bbox 1573 602 1591 624; x_wconf 90' lang='lat'>‚</span> 
     </span>
     <span class='ocr_line' id='line_1_10' title="bbox 290 604 1593 696; baseline 0.026 -51"><span class='ocrx_word' id='word_1_50' title='bbox 290 615 400 648; x_wconf 83' lang='lat' dir='ltr'>cum</span> <span class='ocrx_word' id='word_1_51' title='bbox 436 604 598 654; x_wconf 85' lang='lat' dir='ltr'>valido</span> <span class='ocrx_word' id='word_1_52' title='bbox 634 611 846 660; x_wconf 83' lang='lat' dir='ltr'>exercitu</span> <span class='ocrx_word' id='word_1_53' title='bbox 873 614 1031 666; x_wconf 84' lang='lat' dir='ltr'>castris</span> <span class='ocrx_word' id='word_1_54' title='bbox 1068 620 1165 671; x_wconf 83' lang='lat' dir='ltr'>sese</span> <span class='ocrx_word' id='word_1_55' title='bbox 1190 639 1472 688; x_wconf 83' lang='lat' dir='ltr'>tenentem,</span> <span class='ocrx_word' id='word_1_56' title='bbox 1505 647 1593 696; x_wconf 81' lang='lat' dir='ltr'>ag-</span> 
     </span>
     <span class='ocr_line' id='line_1_11' title="bbox 289 668 1590 761; baseline 0.028 -48"><span class='ocrx_word' id='word_1_57' title='bbox 289 668 426 732; x_wconf 80' lang='lat' dir='ltr'><strong>gredi</strong></span> <span class='ocrx_word' id='word_1_58' title='bbox 475 671 645 724; x_wconf 77' lang='lat' dir='ltr'>statuit.</span> <span class='ocrx_word' id='word_1_59' title='bbox 694 675 936 730; x_wconf 56' lang='lat' dir='ltr'>Praemiss&amp;</span> <span class='ocrx_word' id='word_1_60' title='bbox 980 686 1124 752; x_wconf 85' lang='lat' dir='ltr'>igitur</span> <span class='ocrx_word' id='word_1_61' title='bbox 1167 690 1263 740; x_wconf 90' lang='lat' dir='ltr'>levi</span> <span class='ocrx_word' id='word_1_62' title='bbox 1314 701 1590 761; x_wconf 59' lang='lat' dir='ltr'>armatur&amp;‚</span> 
     </span>
     <span class='ocr_line' id='line_1_12' title="bbox 289 738 1590 830; baseline 0.026 -49"><span class='ocrx_word' id='word_1_63' title='bbox 289 751 393 800; x_wconf 71' lang='lat' dir='ltr'>quse</span> <span class='ocrx_word' id='word_1_64' title='bbox 427 738 622 791; x_wconf 67' lang='lat' dir='ltr'>efficeret</span> <span class='ocrx_word' id='word_1_65' title='bbox 646 742 806 794; x_wconf 83' lang='lat' dir='ltr'>hostes</span> <span class='ocrx_word' id='word_1_66' title='bbox 828 750 888 797; x_wconf 86' lang='lat' dir='ltr'>ad</span> <span class='ocrx_word' id='word_1_67' title='bbox 912 767 1156 805; x_wconf 85' lang='lat' dir='ltr'>certamen</span> <span class='ocrx_word' id='word_1_68' title='bbox 1174 795 1186 818; x_wconf 91' lang='lat'>,</span> <span class='ocrx_word' id='word_1_69' title='bbox 1228 761 1445 826; x_wconf 78' lang='lat' dir='ltr'>peditum</span> <span class='ocrx_word' id='word_1_70' title='bbox 1478 783 1590 830; x_wconf 75' lang='lat' dir='ltr'>par-</span> 
     </span>
     <span class='ocr_line' id='line_1_13' title="bbox 287 806 1586 894; baseline 0.026 -45"><span class='ocrx_word' id='word_1_71' title='bbox 287 816 388 852; x_wconf 79' lang='lat' dir='ltr'>tem</span> <span class='ocrx_word' id='word_1_72' title='bbox 420 806 479 853; x_wconf 86' lang='lat' dir='ltr'>ad</span> <span class='ocrx_word' id='word_1_73' title='bbox 519 807 918 877; x_wconf 84' lang='lat' dir='ltr'>depopulandum</span> <span class='ocrx_word' id='word_1_74' title='bbox 951 838 1036 886; x_wconf 89' lang='lat' dir='ltr'>per</span> <span class='ocrx_word' id='word_1_75' title='bbox 1063 841 1202 890; x_wconf 82' lang='lat' dir='ltr'>agros</span> <span class='ocrx_word' id='word_1_76' title='bbox 1241 827 1407 894; x_wconf 77' lang='lat' dir='ltr'>paffim</span> <span class='ocrx_word' id='word_1_77' title='bbox 1434 831 1586 883; x_wconf 85' lang='lat' dir='ltr'>dimi-</span> 
     </span>
     <span class='ocr_line' id='line_1_14' title="bbox 285 868 1589 953; baseline 0.026 -36"><span class='ocrx_word' id='word_1_78' title='bbox 285 868 372 930; x_wconf 82' lang='lat' dir='ltr'>fit,</span> <span class='ocrx_word' id='word_1_79' title='bbox 412 888 462 921; x_wconf 88' lang='lat' dir='ltr'>ut</span> <span class='ocrx_word' id='word_1_80' title='bbox 492 877 709 941; x_wconf 83' lang='lat' dir='ltr'>palantes</span> <span class='ocrx_word' id='word_1_81' title='bbox 739 887 1044 952; x_wconf 79' lang='lat' dir='ltr'><strong>exciperent.</strong></span> <span class='ocrx_word' id='word_1_82' title='bbox 1092 892 1244 944; x_wconf 84' lang='lat' dir='ltr'>Simul</span> <span class='ocrx_word' id='word_1_83' title='bbox 1273 896 1322 945; x_wconf 88' lang='lat'>&amp;</span> <span class='ocrx_word' id='word_1_84' title='bbox 1353 898 1413 946; x_wconf 81' lang='lat' dir='ltr'>ad</span> <span class='ocrx_word' id='word_1_85' title='bbox 1443 900 1589 953; x_wconf 79' lang='lat' dir='ltr'>castra</span> 
     </span>
     <span class='ocr_line' id='line_1_15' title="bbox 284 941 1590 1028; baseline 0.027 -43"><span class='ocrx_word' id='word_1_86' title='bbox 284 941 517 991; x_wconf 82' lang='lat' dir='ltr'>tumultus</span> <span class='ocrx_word' id='word_1_87' title='bbox 544 962 670 1008; x_wconf 83' lang='lat' dir='ltr'>erat,</span> <span class='ocrx_word' id='word_1_88' title='bbox 701 949 751 998; x_wconf 86' lang='lat'>&amp;</span> <span class='ocrx_word' id='word_1_89' title='bbox 788 969 873 1016; x_wconf 82' lang='lat' dir='ltr'>per</span> <span class='ocrx_word' id='word_1_90' title='bbox 895 973 1039 1023; x_wconf 82' lang='lat' dir='ltr'>agros</span> <span class='ocrx_word' id='word_1_91' title='bbox 1073 958 1280 1028; x_wconf 84' lang='lat' dir='ltr'>fugaque</span> <span class='ocrx_word' id='word_1_92' title='bbox 1317 965 1370 1013; x_wconf 83' lang='lat'>&amp;</span> <span class='ocrx_word' id='word_1_93' title='bbox 1404 969 1590 1021; x_wconf 84' lang='lat' dir='ltr'>caedes:</span> 
     </span>
     <span class='ocr_line' id='line_1_16' title="bbox 283 1005 1585 1098; baseline 0.026 -46"><span class='ocrx_word' id='word_1_94' title='bbox 283 1005 463 1058; x_wconf 83' lang='lat' dir='ltr'>deinde</span> <span class='ocrx_word' id='word_1_95' title='bbox 493 1014 702 1080; x_wconf 82' lang='lat' dir='ltr'>undique</span> <span class='ocrx_word' id='word_1_96' title='bbox 742 1018 938 1071; x_wconf 82' lang='lat' dir='ltr'>diversis</span> <span class='ocrx_word' id='word_1_97' title='bbox 972 1026 1217 1079; x_wconf 83' lang='lat' dir='ltr'>itineribus</span> <span class='ocrx_word' id='word_1_98' title='bbox 1245 1049 1390 1098; x_wconf 87' lang='lat' dir='ltr'>quum</span> <span class='ocrx_word' id='word_1_99' title='bbox 1421 1036 1470 1081; x_wconf 84' lang='lat' dir='ltr'>in</span> <span class='ocrx_word' id='word_1_100' title='bbox 1504 1055 1585 1086; x_wconf 87' lang='lat' dir='ltr'>ca·</span> 
     </span>
     <span class='ocr_line' id='line_1_17' title="bbox 279 1072 1585 1159; baseline 0.027 -38"><span class='ocrx_word' id='word_1_101' title='bbox 279 1072 368 1123; x_wconf 77' lang='lat' dir='ltr'>stra</span> <span class='ocrx_word' id='word_1_102' title='bbox 396 1075 443 1126; x_wconf 88' lang='lat' dir='ltr'>se</span> <span class='ocrx_word' id='word_1_103' title='bbox 474 1082 789 1148; x_wconf 73' lang='lat' dir='ltr'>recepissent,</span> <span class='ocrx_word' id='word_1_104' title='bbox 811 1089 935 1138; x_wconf 86' lang='lat' dir='ltr'>adeo</span> <span class='ocrx_word' id='word_1_105' title='bbox 951 1096 1154 1159; x_wconf 74' lang='lat' dir='ltr'>repente</span> <span class='ocrx_word' id='word_1_106' title='bbox 1183 1098 1381 1149; x_wconf 83' lang='lat' dir='ltr'>deceffit</span> <span class='ocrx_word' id='word_1_107' title='bbox 1413 1105 1585 1157; x_wconf 72' lang='lat' dir='ltr'>animis</span> 
     </span>
     <span class='ocr_line' id='line_1_18' title="bbox 278 1153 1583 1222; baseline 0.025 -32"><span class='ocrx_word' id='word_1_108' title='bbox 278 1158 461 1208; x_wconf 82' lang='lat' dir='ltr'>pavor,</span> <span class='ocrx_word' id='word_1_109' title='bbox 488 1161 539 1196; x_wconf 90' lang='lat' dir='ltr'>ut</span> <span class='ocrx_word' id='word_1_110' title='bbox 568 1167 667 1200; x_wconf 87' lang='lat' dir='ltr'>non</span> <span class='ocrx_word' id='word_1_111' title='bbox 692 1153 754 1202; x_wconf 85' lang='lat' dir='ltr'>ad</span> <span class='ocrx_word' id='word_1_112' title='bbox 785 1159 1085 1211; x_wconf 84' lang='lat' dir='ltr'>munimenta</span> <span class='ocrx_word' id='word_1_113' title='bbox 1116 1166 1269 1216; x_wconf 79' lang='lat' dir='ltr'>modo</span> <span class='ocrx_word' id='word_1_114' title='bbox 1303 1168 1583 1222; x_wconf 85' lang='lat' dir='ltr'>defenden-</span> 
     </span>
     <span class='ocr_line' id='line_1_19' title="bbox 278 1209 1584 1291; baseline 0.026 -34"><span class='ocrx_word' id='word_1_115' title='bbox 278 1209 340 1259; x_wconf 84' lang='lat' dir='ltr'>da</span> <span class='ocrx_word' id='word_1_116' title='bbox 375 1211 483 1262; x_wconf 80' lang='lat' dir='ltr'>satis</span> <span class='ocrx_word' id='word_1_117' title='bbox 528 1219 800 1271; x_wconf 80' lang='lat' dir='ltr'>animorum</span> <span class='ocrx_word' id='word_1_118' title='bbox 833 1224 949 1277; x_wconf 72' lang='lat' dir='ltr'>esset</span> <span class='ocrx_word' id='word_1_119' title='bbox 982 1265 997 1288; x_wconf 88' lang='lat'>‚</span> <span class='ocrx_word' id='word_1_120' title='bbox 1044 1231 1126 1281; x_wconf 71' lang='lat' dir='ltr'>fed</span> <span class='ocrx_word' id='word_1_121' title='bbox 1160 1236 1306 1284; x_wconf 82' lang='lat' dir='ltr'>etiam</span> <span class='ocrx_word' id='word_1_122' title='bbox 1339 1238 1399 1286; x_wconf 88' lang='lat' dir='ltr'>ad</span> <span class='ocrx_word' id='word_1_123' title='bbox 1426 1239 1584 1291; x_wconf 83' lang='lat' dir='ltr'>laces-</span> 
     </span>
     <span class='ocr_line' id='line_1_20' title="bbox 276 1278 1580 1374; baseline 0.025 -48"><span class='ocrx_word' id='word_1_124' title='bbox 276 1278 479 1331; x_wconf 88' lang='lat' dir='ltr'>sendum</span> <span class='ocrx_word' id='word_1_125' title='bbox 502 1283 688 1337; x_wconf 80' lang='lat' dir='ltr'>hostem</span> <span class='ocrx_word' id='word_1_126' title='bbox 719 1292 911 1355; x_wconf 83' lang='lat' dir='ltr'>proelio.</span> <span class='ocrx_word' id='word_1_127' title='bbox 948 1295 1217 1366; x_wconf 84' lang='lat' dir='ltr'><strong>Erumpunt</strong></span> <span class='ocrx_word' id='word_1_128' title='bbox 1253 1307 1395 1372; x_wconf 85' lang='lat' dir='ltr'>igitur</span> <span class='ocrx_word' id='word_1_129' title='bbox 1424 1312 1580 1374; x_wconf 84' lang='lat' dir='ltr'>agmi-</span> 
     </span>
     <span class='ocr_line' id='line_1_21' title="bbox 277 1351 1580 1438; baseline 0.025 -42"><span class='ocrx_word' id='word_1_130' title='bbox 277 1363 340 1397; x_wconf 83' lang='lat' dir='ltr'>ne</span> <span class='ocrx_word' id='word_1_131' title='bbox 372 1365 399 1400; x_wconf 90' lang='lat' dir='ltr'>e</span> <span class='ocrx_word' id='word_1_132' title='bbox 427 1351 613 1416; x_wconf 67' lang='lat' dir='ltr'>castris»,</span> <span class='ocrx_word' id='word_1_133' title='bbox 667 1359 982 1424; x_wconf 76' lang='lat' dir='ltr'>tripudiantes</span> <span class='ocrx_word' id='word_1_134' title='bbox 1036 1385 1174 1420; x_wconf 86' lang='lat' dir='ltr'>more</span> <span class='ocrx_word' id='word_1_135' title='bbox 1213 1371 1324 1434; x_wconf 79' lang='lat' dir='ltr'>su03</span> <span class='ocrx_word' id='word_1_136' title='bbox 1359 1379 1580 1438; x_wconf 82' lang='lat' dir='ltr'>repenti-</span> 
     </span>
     <span class='ocr_line' id='line_1_22' title="bbox 275 1427 1580 1506; baseline 0.024 -42"><span class='ocrx_word' id='word_1_137' title='bbox 275 1431 436 1482; x_wconf 81' lang='lat' dir='ltr'>naque</span> <span class='ocrx_word' id='word_1_138' title='bbox 458 1436 626 1471; x_wconf 88' lang='lat' dir='ltr'>eorum</span> <span class='ocrx_word' id='word_1_139' title='bbox 648 1427 845 1478; x_wconf 80' lang='lat' dir='ltr'>audacia</span> <span class='ocrx_word' id='word_1_140' title='bbox 865 1444 1099 1485; x_wconf 79' lang='lat' dir='ltr'>terrorem</span> <span class='ocrx_word' id='word_1_141' title='bbox 1130 1438 1279 1501; x_wconf 82' lang='lat' dir='ltr'>hosti,</span> <span class='ocrx_word' id='word_1_142' title='bbox 1309 1444 1455 1506; x_wconf 73' lang='lat' dir='ltr'>paulo</span> <span class='ocrx_word' id='word_1_143' title='bbox 1488 1463 1580 1495; x_wconf 80' lang='lat' dir='ltr'>an-</span> 
     </span>
     <span class='ocr_line' id='line_1_23' title="bbox 274 1482 1579 1574; baseline 0.024 -43"><span class='ocrx_word' id='word_1_144' title='bbox 274 1482 324 1532; x_wconf 75' lang='lat' dir='ltr'>te</span> <span class='ocrx_word' id='word_1_145' title='bbox 360 1487 489 1536; x_wconf 71' lang='lat' dir='ltr'>ultro</span> <span class='ocrx_word' id='word_1_146' title='bbox 523 1489 798 1555; x_wconf 63' lang='lat' dir='ltr'>lacessenti,</span> <span class='ocrx_word' id='word_1_147' title='bbox 838 1500 1059 1552; x_wconf 73' lang='lat' dir='ltr'>incuffit:</span> <span class='ocrx_word' id='word_1_148' title='bbox 1089 1506 1249 1574; x_wconf 84' lang='lat' dir='ltr'>itaque</span> <span class='ocrx_word' id='word_1_149' title='bbox 1283 1509 1332 1558; x_wconf 88' lang='lat'>&amp;</span> <span class='ocrx_word' id='word_1_150' title='bbox 1366 1510 1464 1573; x_wconf 86' lang='lat' dir='ltr'>ipse</span> <span class='ocrx_word' id='word_1_151' title='bbox 1485 1513 1579 1562; x_wconf 86' lang='lat' dir='ltr'>As·</span> 
     </span>
     <span class='ocr_line' id='line_1_24' title="bbox 273 1550 1576 1634; baseline 0.025 -34"><span class='ocrx_word' id='word_1_152' title='bbox 273 1550 445 1604; x_wconf 83' lang='lat' dir='ltr'>drubal</span> <span class='ocrx_word' id='word_1_153' title='bbox 478 1558 526 1606; x_wconf 86' lang='lat' dir='ltr'>in</span> <span class='ocrx_word' id='word_1_154' title='bbox 567 1562 746 1612; x_wconf 84' lang='lat' dir='ltr'>collem</span> <span class='ocrx_word' id='word_1_155' title='bbox 779 1564 884 1616; x_wconf 76' lang='lat' dir='ltr'>satis</span> <span class='ocrx_word' id='word_1_156' title='bbox 917 1570 1151 1633; x_wconf 80' lang='lat' dir='ltr'>arduum,</span> <span class='ocrx_word' id='word_1_157' title='bbox 1185 1588 1341 1627; x_wconf 86' lang='lat' dir='ltr'>tutum</span> <span class='ocrx_word' id='word_1_158' title='bbox 1372 1579 1576 1634; x_wconf 63' lang='lat' dir='ltr'>fluffn‘ne</span> 
     </span>
     <span class='ocr_line' id='line_1_25' title="bbox 272 1623 1574 1710; baseline 0.025 -42"><span class='ocrx_word' id='word_1_159' title='bbox 272 1623 422 1671; x_wconf 76' lang='lat' dir='ltr'>etiam</span> <span class='ocrx_word' id='word_1_160' title='bbox 447 1623 643 1689; x_wconf 58' lang='lat' dir='ltr'>objecto</span> <span class='ocrx_word' id='word_1_161' title='bbox 667 1667 681 1689; x_wconf 89' lang='lat'>‚</span> <span class='ocrx_word' id='word_1_162' title='bbox 711 1635 875 1697; x_wconf 84' lang='lat' dir='ltr'>copias</span> <span class='ocrx_word' id='word_1_163' title='bbox 907 1635 1153 1701; x_wconf 77' lang='lat' dir='ltr'><strong>subducit,</strong></span> <span class='ocrx_word' id='word_1_164' title='bbox 1194 1643 1244 1692; x_wconf 88' lang='lat'>&amp;</span> <span class='ocrx_word' id='word_1_165' title='bbox 1287 1647 1574 1710; x_wconf 79' lang='lat' dir='ltr'>praemissam</span> 
     </span>
     <span class='ocr_line' id='line_1_26' title="bbox 268 1688 1576 1774; baseline 0.024 -38"><span class='ocrx_word' id='word_1_166' title='bbox 268 1688 439 1740; x_wconf 87' lang='lat' dir='ltr'>levem</span> <span class='ocrx_word' id='word_1_167' title='bbox 467 1711 753 1748; x_wconf 77' lang='lat' dir='ltr'>armaturam</span> <span class='ocrx_word' id='word_1_168' title='bbox 777 1705 1055 1772; x_wconf 75' lang='lat' dir='ltr'>equitesque</span> <span class='ocrx_word' id='word_1_169' title='bbox 1078 1712 1264 1774; x_wconf 77' lang='lat' dir='ltr'>palatos</span> <span class='ocrx_word' id='word_1_170' title='bbox 1288 1714 1467 1764; x_wconf 75' lang='lat' dir='ltr'>eodem</span> <span class='ocrx_word' id='word_1_171' title='bbox 1502 1735 1576 1766; x_wconf 84' lang='lat' dir='ltr'>re-</span> 
     </span>
     <span class='ocr_line' id='line_1_27' title="bbox 268 1758 1571 1843; baseline 0.023 -38"><span class='ocrx_word' id='word_1_172' title='bbox 268 1758 420 1822; x_wconf 80' lang='lat' dir='ltr'>cipit3</span> <span class='ocrx_word' id='word_1_173' title='bbox 453 1778 543 1811; x_wconf 83' lang='lat' dir='ltr'>nec</span> <span class='ocrx_word' id='word_1_174' title='bbox 567 1781 645 1816; x_wconf 77' lang='lat' dir='ltr'>aut</span> <span class='ocrx_word' id='word_1_175' title='bbox 668 1769 779 1818; x_wconf 76' lang='lat' dir='ltr'>colli</span> <span class='ocrx_word' id='word_1_176' title='bbox 812 1786 892 1819; x_wconf 84' lang='lat' dir='ltr'>aut</span> <span class='ocrx_word' id='word_1_177' title='bbox 925 1774 1109 1824; x_wconf 80' lang='lat' dir='ltr'>flumini</span> <span class='ocrx_word' id='word_1_178' title='bbox 1139 1778 1413 1831; x_wconf 80' lang='lat' dir='ltr'>satisfidens</span> <span class='ocrx_word' id='word_1_179' title='bbox 1432 1821 1446 1843; x_wconf 87' lang='lat'><em>‚</em></span> <span class='ocrx_word' id='word_1_180' title='bbox 1465 1787 1571 1834; x_wconf 79' lang='lat' dir='ltr'><strong>val-</strong></span> 
     </span>
     <span class='ocr_line' id='line_1_28' title="bbox 266 1823 1568 1912; baseline 0.02 -37"><span class='ocrx_word' id='word_1_181' title='bbox 266 1823 318 1875; x_wconf 82' lang='lat' dir='ltr'>lo</span> <span class='ocrx_word' id='word_1_182' title='bbox 339 1827 483 1876; x_wconf 84' lang='lat' dir='ltr'>castra</span> <span class='ocrx_word' id='word_1_183' title='bbox 506 1838 761 1895; x_wconf 77' lang='lat' dir='ltr'>permunit.</span> <span class='ocrx_word' id='word_1_184' title='bbox 794 1835 847 1885; x_wconf 65' lang='lat' dir='ltr'>In</span> <span class='ocrx_word' id='word_1_185' title='bbox 876 1839 970 1889; x_wconf 90' lang='lat' dir='ltr'>hoc</span> <span class='ocrx_word' id='word_1_186' title='bbox 997 1845 1184 1895; x_wconf 77' lang='lat' dir='ltr'>alterno</span> <span class='ocrx_word' id='word_1_187' title='bbox 1204 1865 1389 1912; x_wconf 82' lang='lat' dir='ltr'>pavore</span> <span class='ocrx_word' id='word_1_188' title='bbox 1412 1867 1568 1900; x_wconf 76' lang='lat' dir='ltr'>certa-</span> 
     </span>
     <span class='ocr_line' id='line_1_29' title="bbox 267 1894 1573 1970; baseline 0.024 -31"><span class='ocrx_word' id='word_1_189' title='bbox 267 1894 400 1943; x_wconf 88' lang='lat' dir='ltr'>mina</span> <span class='ocrx_word' id='word_1_190' title='bbox 429 1897 614 1964; x_wconf 77' lang='lat' dir='ltr'>aliquot</span> <span class='ocrx_word' id='word_1_191' title='bbox 649 1902 752 1952; x_wconf 87' lang='lat' dir='ltr'>sunt</span> <span class='ocrx_word' id='word_1_192' title='bbox 781 1909 1019 1958; x_wconf 57' lang='lat' dir='ltr'>contracta</span> <span class='ocrx_word' id='word_1_193' title='bbox 1051 1929 1062 1960; x_wconf 93' lang='lat'><strong>:</strong></span> <span class='ocrx_word' id='word_1_194' title='bbox 1096 1930 1187 1963; x_wconf 88' lang='lat' dir='ltr'>nec</span> <span class='ocrx_word' id='word_1_195' title='bbox 1210 1914 1422 1967; x_wconf 85' lang='lat' dir='ltr'>Numida</span> <span class='ocrx_word' id='word_1_196' title='bbox 1455 1919 1573 1970; x_wconf 81' lang='lat' dir='ltr'>His-</span> 
     </span>
     <span class='ocr_line' id='line_1_30' title="bbox 265 1971 1571 2040; baseline 0.023 -31"><span class='ocrx_word' id='word_1_197' title='bbox 265 1978 397 2026; x_wconf 72' lang='lat' dir='ltr'>pano</span> <span class='ocrx_word' id='word_1_198' title='bbox 428 1983 577 2032; x_wconf 83' lang='lat' dir='ltr'>eques</span> <span class='ocrx_word' id='word_1_199' title='bbox 604 1987 688 2034; x_wconf 83' lang='lat' dir='ltr'>par</span> <span class='ocrx_word' id='word_1_200' title='bbox 717 1971 836 2033; x_wconf 84' lang='lat' dir='ltr'>fuit3</span> <span class='ocrx_word' id='word_1_201' title='bbox 866 1993 954 2025; x_wconf 86' lang='lat' dir='ltr'>nec</span> <span class='ocrx_word' id='word_1_202' title='bbox 982 1976 1213 2040; x_wconf 79' lang='lat' dir='ltr'>jaculator</span> <span class='ocrx_word' id='word_1_203' title='bbox 1261 1985 1461 2035; x_wconf 85' lang='lat' dir='ltr'>Maurus</span> <span class='ocrx_word' id='word_1_204' title='bbox 1485 2005 1571 2038; x_wconf 90' lang='lat' dir='ltr'>ce-</span> 
     </span>
     <span class='ocr_line' id='line_1_31' title="bbox 265 2036 1566 2123; baseline 0.025 -47"><span class='ocrx_word' id='word_1_205' title='bbox 265 2043 394 2080; x_wconf 78' lang='lat' dir='ltr'>trato</span> <span class='ocrx_word' id='word_1_206' title='bbox 413 2068 429 2092; x_wconf 90' lang='lat'><strong>,</strong></span> <span class='ocrx_word' id='word_1_207' title='bbox 455 2036 716 2088; x_wconf 78' lang='lat' dir='ltr'>velocitate</span> <span class='ocrx_word' id='word_1_208' title='bbox 751 2042 882 2107; x_wconf 75' lang='lat' dir='ltr'>pari,</span> <span class='ocrx_word' id='word_1_209' title='bbox 906 2046 1084 2098; x_wconf 77' lang='lat' dir='ltr'>robore</span> <span class='ocrx_word' id='word_1_210' title='bbox 1118 2053 1262 2102; x_wconf 78' lang='lat' dir='ltr'>animi</span> <span class='ocrx_word' id='word_1_211' title='bbox 1295 2056 1566 2123; x_wconf 85' lang='lat' dir='ltr'>viriumque</span> 
     </span>
     <span class='ocr_line' id='line_1_32' title="bbox 264 2098 852 2170; baseline 0.024 -25"><span class='ocrx_word' id='word_1_212' title='bbox 264 2098 561 2158; x_wconf 61' lang='lat' dir='ltr'>aliquantum</span> <span class='ocrx_word' id='word_1_213' title='bbox 601 2108 852 2170; x_wconf 76' lang='lat' dir='ltr'>praestanti.</span> 
     </span>
    </p>

    <p class='ocr_par' dir='ltr' id='par_1_4' title="bbox 255 2166 1566 2735">
     <span class='ocr_line' id='line_1_33' title="bbox 336 2166 1565 2249; baseline 0.022 -34"><span class='ocrx_word' id='word_1_214' title='bbox 336 2166 452 2218; x_wconf 89' lang='lat' dir='ltr'>XX</span> <span class='ocrx_word' id='word_1_215' title='bbox 474 2169 616 2222; x_wconf 87' lang='lat' dir='ltr'><strong>VII.</strong></span> <span class='ocrx_word' id='word_1_216' title='bbox 651 2174 907 2244; x_wconf 83' lang='lat' dir='ltr'>Postquam</span> <span class='ocrx_word' id='word_1_217' title='bbox 938 2199 1097 2249; x_wconf 82' lang='lat' dir='ltr'>neque</span> <span class='ocrx_word' id='word_1_218' title='bbox 1145 2186 1322 2238; x_wconf 75' lang='lat' dir='ltr'>eiicere</span> <span class='ocrx_word' id='word_1_219' title='bbox 1357 2189 1565 2242; x_wconf 80' lang='lat' dir='ltr'>Poenum</span> 
     </span>
     <span class='ocr_line' id='line_1_34' title="bbox 264 2234 1566 2326; baseline 0.022 -42"><span class='ocrx_word' id='word_1_220' title='bbox 264 2234 329 2284; x_wconf 82' lang='lat' dir='ltr'>ad</span> <span class='ocrx_word' id='word_1_221' title='bbox 362 2253 609 2290; x_wconf 78' lang='lat' dir='ltr'>certamen</span> <span class='ocrx_word' id='word_1_222' title='bbox 646 2245 887 2296; x_wconf 77' lang='lat' dir='ltr'>obversati</span> <span class='ocrx_word' id='word_1_223' title='bbox 919 2249 1076 2300; x_wconf 80' lang='lat' dir='ltr'>castris</span> <span class='ocrx_word' id='word_1_224' title='bbox 1112 2269 1367 2319; x_wconf 82' lang='lat' dir='ltr'>poterant,</span> <span class='ocrx_word' id='word_1_225' title='bbox 1403 2276 1566 2326; x_wconf 83' lang='lat' dir='ltr'>neque</span> 
     </span>
     <span class='ocr_line' id='line_1_35' title="bbox 261 2302 1562 2383; baseline 0.022 -34"><span class='ocrx_word' id='word_1_226' title='bbox 261 2302 522 2356; x_wconf 80' lang='lat' dir='ltr'>castrorum</span> <span class='ocrx_word' id='word_1_227' title='bbox 584 2318 888 2380; x_wconf 77' lang='lat' dir='ltr'>oppugnatio</span> <span class='ocrx_word' id='word_1_228' title='bbox 975 2319 1124 2370; x_wconf 83' lang='lat' dir='ltr'>facilis</span> <span class='ocrx_word' id='word_1_229' title='bbox 1183 2339 1283 2372; x_wconf 81' lang='lat' dir='ltr'>erat</span> <span class='ocrx_word' id='word_1_230' title='bbox 1313 2340 1329 2383; x_wconf 92' lang='lat'>;</span> <span class='ocrx_word' id='word_1_231' title='bbox 1390 2327 1562 2380; x_wconf 86' lang='lat' dir='ltr'>urbem</span> 
     </span>
     <span class='ocr_line' id='line_1_36' title="bbox 263 2369 1556 2456; baseline 0.021 -38"><span class='ocrx_word' id='word_1_232' title='bbox 263 2369 513 2431; x_wconf 85' lang='lat' dir='ltr'>Ascuam,</span> <span class='ocrx_word' id='word_1_233' title='bbox 559 2379 657 2443; x_wconf 75' lang='lat' dir='ltr'>quo</span> <span class='ocrx_word' id='word_1_234' title='bbox 699 2380 819 2432; x_wconf 87' lang='lat' dir='ltr'>fines</span> <span class='ocrx_word' id='word_1_235' title='bbox 873 2383 1077 2436; x_wconf 83' lang='lat' dir='ltr'>hostium</span> <span class='ocrx_word' id='word_1_236' title='bbox 1122 2391 1429 2456; x_wconf 81' lang='lat' dir='ltr'>ingrediens,</span> <span class='ocrx_word' id='word_1_237' title='bbox 1459 2396 1556 2444; x_wconf 74' lang='lat' dir='ltr'>As-</span> 
     </span>
     <span class='ocr_line' id='line_1_37' title="bbox 261 2438 1563 2524; baseline 0.022 -39"><span class='ocrx_word' id='word_1_238' title='bbox 261 2438 430 2490; x_wconf 78' lang='lat' dir='ltr'>drubal</span> <span class='ocrx_word' id='word_1_239' title='bbox 482 2442 775 2498; x_wconf 87' lang='lat' dir='ltr'>frumentum</span> <span class='ocrx_word' id='word_1_240' title='bbox 831 2457 1225 2524; x_wconf 82' lang='lat' dir='ltr'>commeatusque</span> <span class='ocrx_word' id='word_1_241' title='bbox 1274 2462 1391 2510; x_wconf 81' lang='lat' dir='ltr'>alios</span> <span class='ocrx_word' id='word_1_242' title='bbox 1432 2480 1563 2513; x_wconf 82' lang='lat' dir='ltr'>con-</span> 
     </span>
     <span class='ocr_line' id='line_1_38' title="bbox 260 2514 1557 2596; baseline 0.022 -43"><span class='ocrx_word' id='word_1_243' title='bbox 260 2522 494 2570; x_wconf 80' lang='lat' dir='ltr'>vexerat,</span> <span class='ocrx_word' id='word_1_244' title='bbox 532 2514 581 2560; x_wconf 90' lang='lat' dir='ltr'>vi</span> <span class='ocrx_word' id='word_1_245' title='bbox 623 2518 845 2581; x_wconf 83' lang='lat' dir='ltr'>capiunt,</span> <span class='ocrx_word' id='word_1_246' title='bbox 881 2523 1110 2590; x_wconf 86' lang='lat' dir='ltr'>omnique</span> <span class='ocrx_word' id='word_1_247' title='bbox 1149 2527 1272 2575; x_wconf 55' lang='lat' dir='ltr'>circ&amp;</span> <span class='ocrx_word' id='word_1_248' title='bbox 1305 2547 1420 2596; x_wconf 82' lang='lat' dir='ltr'>agro</span> <span class='ocrx_word' id='word_1_249' title='bbox 1457 2549 1557 2596; x_wconf 85' lang='lat' dir='ltr'>po·-</span> 
     </span>
     <span class='ocr_line' id='line_1_39' title="bbox 258 2574 1556 2660; baseline 0.022 -41"><span class='ocrx_word' id='word_1_250' title='bbox 258 2574 435 2623; x_wconf 80' lang='lat' dir='ltr'>tiuntur</span> <span class='ocrx_word' id='word_1_251' title='bbox 461 2595 470 2625; x_wconf 92' lang='lat'>:</span> <span class='ocrx_word' id='word_1_252' title='bbox 495 2596 584 2628; x_wconf 87' lang='lat' dir='ltr'>nec</span> <span class='ocrx_word' id='word_1_253' title='bbox 615 2580 712 2646; x_wconf 82' lang='lat' dir='ltr'>jam</span> <span class='ocrx_word' id='word_1_254' title='bbox 732 2600 812 2634; x_wconf 85' lang='lat' dir='ltr'>aut</span> <span class='ocrx_word' id='word_1_255' title='bbox 833 2589 879 2635; x_wconf 87' lang='lat' dir='ltr'>in</span> <span class='ocrx_word' id='word_1_256' title='bbox 901 2593 1095 2653; x_wconf 72' lang='lat' dir='ltr'>agmine</span> <span class='ocrx_word' id='word_1_257' title='bbox 1120 2630 1134 2652; x_wconf 88' lang='lat'><strong>‚</strong></span> <span class='ocrx_word' id='word_1_258' title='bbox 1174 2608 1253 2642; x_wconf 86' lang='lat' dir='ltr'>aut</span> <span class='ocrx_word' id='word_1_259' title='bbox 1284 2597 1331 2644; x_wconf 88' lang='lat' dir='ltr'>in</span> <span class='ocrx_word' id='word_1_260' title='bbox 1362 2597 1517 2647; x_wconf 84' lang='lat' dir='ltr'>castris</span> <span class='ocrx_word' id='word_1_261' title='bbox 1540 2637 1556 2660; x_wconf 88' lang='lat'><strong>,</strong></span> 
     </span>
     <span class='ocr_line' id='line_1_40' title="bbox 255 2642 1556 2735; baseline 0.025 -47"><span class='ocrx_word' id='word_1_262' title='bbox 255 2642 357 2691; x_wconf 72' lang='lat' dir='ltr'>uilo</span> <span class='ocrx_word' id='word_1_263' title='bbox 378 2646 584 2712; x_wconf 75' lang='lat' dir='ltr'>imperio</span> <span class='ocrx_word' id='word_1_264' title='bbox 618 2654 871 2706; x_wconf 72' lang='lat' dir='ltr'>contineri.</span> <span class='ocrx_word' id='word_1_265' title='bbox 894 2656 1063 2723; x_wconf 74' lang='lat' dir='ltr'>Quam</span> <span class='ocrx_word' id='word_1_266' title='bbox 1091 2662 1174 2711; x_wconf 83' lang='lat' dir='ltr'>ubi</span> <span class='ocrx_word' id='word_1_267' title='bbox 1208 2664 1556 2735; x_wconf 74' lang='lat' dir='ltr'>negligentiam</span> 
     </span>
    </p>
   </div>
  </div>
 </body>
</html>
