1711 3078
283 128 637 186 LtssER
721 126 1058 185 XXIV.
1201 138 1310 202 305

35 237 210 272 vanam
244 223 500 274 mendacio
540 225 840 289 praebuerant
885 223 1123 273 verberati
1158 239 1209 270 ac
1241 221 1316 270 se·
1339 233 1528 285 U·c·538'·

37 291 136 337 curi
161 290 359 353 percuffi
387 291 642 358 transfugae
662 292 722 339 ad
744 292 841 339 duo
864 292 1010 340 millia
1036 292 1287 339 hominum
1306 305 1318 336 ι
1339 289 1527 339 a.C.2142

37 370 250 406 ceterum
285 358 966 423 Leontinorummilitumque
1007 359 1210 406 aliorum
1234 372 1323 404 ne-

38 439 123 471 mo
147 461 162 484 ,
193 424 299 490 post
327 441 516 491 captam
545 427 742 486 urbem,
765 426 971 475 violatus
1004 427 1191 484 fuerat3
1221 423 1325 472 sua-

39 505 133 555 que
173 494 338 540 omnia
365 496 433 541 eis
454 529 470 552 ‚
504 492 590 541 nisi
626 510 731 558 quae
766 493 944 557 primus
980 493 1208 539 tumultus
1239 508 1323 538 ca-

40 571 134 621 ptae
172 561 300 607 urbis
326 559 680 626 absumpserat,
717 558 1095 608 restituebantur.
1133 557 1240 605 Nec
1274 570 1328 605 ut

36 623 311 675 Leontinos
339 628 462 676 irent
485 665 500 688 ‚
539 627 757 694 proditos
805 627 866 675 ad
901 626 1083 675 caedem
1112 625 1328 673 commi-

39 691 216 742 litones
276 710 563 760 querentes,
605 693 810 760 perpelli
864 708 1106 759 potuere,
1155 707 1245 739 nec
1280 704 1333 738 ut

40 761 221 808 eodem
256 760 367 810 loco
410 764 668 811 certiorem
719 763 939 809 nuntium
989 758 1335 825 exspe&arent.

41 826 215 891 Quum
251 829 312 876 ad
343 828 666 877 defefflonem
698 827 952 877 inclinatos
1003 831 1191 876 animos
1227 841 1335 875 cer·

42 910 213 943 nerent
251 912 481 961 praetores
505 932 520 955 ,
558 895 639 944 sed
676 910 788 943 eum
836 909 1025 944 motum
1061 894 1187 942 haud
1227 893 1335 941 diu·

41 975 233 1011 turnum
280 961 419 1023 fore,
446 962 480 1011 fi
515 962 663 1012 duces
692 965 913 1025 amentiae
958 962 1126 1011 sublati
1158 959 1336 1020 essent,

3 1062 5 1065 -
44 1032 306 1078 exercitum
353 1031 530 1078 ducunt
570 1030 856 1096 Megaram:
896 1029 981 1095 ipsi
1021 1047 1128 1078 curn
1172 1030 1337 1095 paucis

41 1099 282 1162 equitibus
310 1097 596 1147 Herbeisum
629 1096 990 1163 proficiscuntur
1009 1135 1021 1155 ,
1051 1098 1132 1162 spe
1152 1135 1166 1156 ‚
1200 1097 1338 1144 terri-

44 1166 102 1213 tis
129 1166 352 1214 omnibus
372 1203 385 1224 ‚
414 1183 502 1230 per
540 1165 871 1231 proditionem
913 1165 1039 1212 urbis
1062 1163 1341 1230 potiundae:

46 1232 180 1297 quod
214 1234 294 1280 ubi
329 1232 494 1282 frustra
530 1235 597 1281 eis
636 1232 723 1280 fuit
769 1234 1048 1297 inceptum,
1100 1234 1149 1280 vi
1186 1248 1339 1297 agen·-

47 1300 160 1348 dum
194 1302 316 1358 rati,
352 1299 542 1363 postero
566 1301 644 1349 die
677 1300 894 1366 Megaris
926 1298 1069 1347 castra
1101 1312 1338 1358 movent,

45 1382 99 1415 ut
136 1366 420 1415 Herbeffum
469 1369 692 1416 omnibus
756 1369 908 1433 copiis
979 1379 1341 1433 oppugnarent.

46 1433 376 1500 Hippocrates
407 1433 454 1483 &
476 1434 723 1502 Epicydes
742 1471 758 1494 ‚
801 1451 901 1483 non
930 1447 1026 1482 tam
1060 1449 1216 1483 tutum
1244 1435 1343 1498 pri-

45 1501 128 1551 ma
167 1501 354 1566 specie,
393 1502 536 1568 quam
578 1519 761 1561 unum,
792 1501 874 1568 spe
908 1502 1117 1569 undique
1158 1499 1340 1550 abscisa

49 1568 299 1620 consilium
338 1568 430 1618 effe
464 1572 578 1630 rati,
616 1585 666 1620 ut
704 1569 751 1618 se
800 1569 1026 1618 militibus
1081 1570 1342 1635 permitte-

44 1650 186 1697 rent,
228 1639 279 1686 &
312 1636 499 1686 assuetis
532 1656 706 1706 magna
738 1654 798 1687 ex
845 1654 978 1704 parte
1024 1636 1108 1686 fibi
1149 1637 1200 1687 ὃ(
1237 1650 1341 1685 tum

35 1704 174 1754 fama
226 1704 366 1754 caedis
409 1707 797 1755 commilitonum
844 1704 1091 1766 accensis,
1140 1704 1342 1754 obviam-

46 1775 227 1840 agmini
263 1775 551 1836 procedunt.
597 1773 753 1822 Prima
805 1771 929 1823 forte
969 1772 1095 1839 signa
1136 1773 1343 1822 sexcen-

45 1854 206 1890 torum
249 1839 554 1890 Cretensium
593 1856 759 1901 erant,
792 1841 872 1906 qui
906 1842 1035 1905 apud
1079 1841 1342 1906 Hierony-

47 1926 181 1959 mum
218 1925 501 1965 {meruerant
546 1908 627 1958 sub
674 1911 774 1969 eis,
806 1908 855 1956 &
900 1907 1151 1956 Annibalis
1191 1909 1347 1957 bene-

45 1975 210 2025 ficium
268 1976 539 2037 habebant,
586 1978 711 2043 capti
755 1976 815 2024 ad
848 1974 1183 2024 Trasimenum
1214 1977 1343 2024 inter

46 2042 385 2093 Romanorum
422 2045 627 2104 auxilia,
663 2040 928 2108 dimissique
962 2060 972 2089 ε
1014 2061 1135 2109 qnos
1169 2044 1251 2091 ubi
1281 2059 1343 2092 ex

46 2110 186 2178 signis
244 2128 587 2179 armorumque
622 2112 781 2160 habitu
816 2127 1101 2178 cognovere
1146 2110 1344 2178 Hippo-

49 2194 205 2229 crates
241 2193 382 2244 atque
423 2179 695 2245 Epicydes,
735 2196 893 2227 ramos
931 2179 1053 2227 oleae
1088 2196 1144 2227 ac
1186 2195 1217 2226 9.
1251 2195 1343 2228 ve-

47 2247 259 2296 lamenta
296 2247 385 2295 alia
419 2247 686 2314 supplicum
729 2248 1030 2313 porrigentes
1052 2284 1065 2305 ‚
1090 2264 1227 2296 orare
1246 2283 1260 2306 ‚
1290 2260 1343 2296 ut

48 2316 320 2378 reciperent
360 2313 488 2373 sese,
547 2314 861 2380 receptosque
901 2328 1198 2374 tutarentur,
1246 2331 1343 2362 neu

47 2381 316 2449 proderent
359 2381 704 2449 Syracusanis,
751 2401 778 2431 a
809 2381 977 2447 quibus
1017 2399 1131 2430 mox
1187 2398 1208 2447 3
1254 2380 1341 2446 ipfi

112 2482 138 2510 2
161 2468 392 2509 Velamenta
409 2467 663 2524 aliasuppli-
791 2479 810 2519 3
848 2468 970 2523 Ipsi]
1006 2470 1193 2524 Intellige
1234 2469 1342 2522 ipsos

51 2531 166 2583 cum]
194 2529 367 2577 infulas,
408 2530 448 2571 ὅ(
472 2544 557 2583 quae
589 2529 664 2570 alia
729 2528 945 2570 Cretenses
966 2559 975 2576 ,
995 2531 1042 2570 ad
1061 2545 1159 2586 quos
1180 2531 1244 2572 hic
1261 2530 1342 2572 sex'⁴

49 2590 319 2644 &supplicibus
341 2591 490 2650 porrigi
513 2591 551 2634 ὃ(
568 2604 663 2647 prae-
729 2603 794 2633 mo
808 2590 1007 2648 dirigitur,

49 2653 161 2699 tendi
186 2651 334 2699 solent·
