1752 3073
355 127 707 194 LIBER
789 133 1037 192 XXI.
1290 147 1353 213 15

68 227 129 284 {d
155 234 207 282 de
231 251 318 298 quo
346 235 493 283 verbis
516 231 820 297 ambigebatur
837 254 856 289 ,·
877 247 972 277 uter
993 228 1191 293 populus
1211 228 1365 294 foedus
1384 234 1577 285 U.c.534.'

75 299 259 368 rupiffifft
279 338 294 358 ,
321 317 506 349 eventus
539 300 681 356 belli,
716 300 842 347 velut
872 314 1023 362 aequus
1042 294 1192 361 judex
1210 333 1221 354 ‚
1249 300 1366 345 unde
1385 283 1581 341 .a.C.218·

74 367 154 436 J'us
177 369 330 434 stabat
357 407 368 424 ,
405 369 445 417 ei
490 367 719 416 victoriam
763 366 900 413 dedit.
944 364 1209 429 Carthagini
1248 383 1368 413 nunc

78 437 297 490 Annibal
328 437 488 483 vineas
526 431 748 497 turresque
791 433 999 480 admovet
1030 449 1044 479 .·
1081 430 1369 497 Carthaginis

6 500 9 505 ’
80 504 245 552 moenia
275 503 419 566 quatit
454 503 611 550 ariete.
641 494 837 566 Sa‘gunti
875 500 1017 545 ruinae
1051 495 1242 563 (falJus
1278 501 1371 547 uti·

81 587 187 620 nam
222 568 517 634 vatesfiml)
552 569 706 633 nostris
741 567 967 631 capitibus
1000 567 1200 612 incident
1222 582 1242 623 ‚-
1271 566 1374 627 [uf-

82 652 342 703 ceptumque
360 655 457 684 cum
489 636 756 701 Saguntinis
778 634 940 682 bellum
959 669 978 690 ,
1000 633 1252 680 habendum
1271 651 1370 680 cum

83 707 308 756 Romanis
348 707 420 771 est.
463 706 694 752 Dedemus
743 718 841 767 ergo
885 701 1212 749 Annibalem?
1254 703 1374 749 a'icet

84 773 272 837 aliquis.
307 775 412 821 Scio
431 807 445 830 ,
478 766 618 824 meam
652 771 789 818 levem
818 767 896 831 effi
931 770 977 815 in
998 786 1046 815 eo
1069 768 1376 816 aucloritatern

79 855 263 907 propter
277 855 494 904 paternas
519 837 804 886 inimicitias.
827 837 920 884 Sed
950 835 994 883 6³
1025 837 1303 884 Amilcarem
1327 836 1379 884 εὸ

78 905 238 974 perzffe
264 909 442 959 laetatus
466 905 598 970 sum,
633 903 783 969 quad,
805 905 851 968 fi
875 904 954 951 ille
980 904 1175 962 viveret,
1212 903 1379 951 bellum
1426 948 1429 949 γ

77 973 178 1041 jam
205 992 303 1022 curn
330 974 551 1022 Romanis
585 973 844 1020 haberemus
864 989 884 1028 ;
922 970 966 1018 6·
997 973 1113 1018 hunc
1132 969 1378 1034 juvenem,

83 1057 314 1106 tamquam
344 1039 518 1105 furiam
556 1038 795 1104 facemque
826 1036 962 1101 hujus
1008 1038 1152 1095 belli,
1194 1041 1272 1086 oa’i
1320 1055 1377 1086 ac

86 1111 283 1175 detestor.
316 1112 417 1158 Nec
445 1109 692 1155 dedendum
724 1105 873 1169 solum
910 1107 961 1154 ia'
985 1107 1220 1172 piaculum
1249 1106 1375 1171 rupti

79 1177 268 1244 foederis
288 1214 304 1234 ,
329 1177 503 1241 sed‚fi
525 1193 650 1223 nemo
696 1173 907 1239 dep‘oscat
928 1210 942 1233 ‚
990 1175 1292 1221 devehendum
1329 1176 1378 1222 in

88 1245 276 1295 ultimas
308 1244 446 1292 maris
468 1259 781 1306 terrarumque
817 1259 921 1289 oras
946 1277 960 1299 ‚
996 1242 1382 1307 ablegandumque

92 1312 143 1361 εὸ
168 1349 183 1372 ,
213 1313 330 1360 unde
361 1327 441 1360 nec
484 1312 549 1358 ad
577 1329 659 1358 nos
691 1327 848 1358 nomen
864 1305 1083 1373 famaque
1112 1307 1209 1372 ejus
1247 1327 1382 1357 acce-

17 1380 19 1382 ’
91 1381 193 1429 dere
209 1415 223 1440 ‚
240 1397 378 1444 neque
389 1378 643 1443 sollicitare
660 1379 817 1442 quietae
840 1376 1043 1424 civitatis
1054 1379 1220 1441 statum
1235 1376 1385 1442 poffit.

90 1448 195 1514 Ego
223 1449 291 1496 ita
316 1447 467 1511 censeo
484 1483 498 1506 ‚
536 1447 706 1512 legatos
732 1444 953 1508 extemplo
979 1446 1172 1491 Romam
1203 1446 1384 1494 mitten-

92 1517 179 1564 dos
212 1551 226 1574 ‚
266 1517 343 1580 qui
370 1513 553 1579 senatui
576 1510 877 1578 satisfaciant
907 1528 928 1570 ,·
964 1511 1085 1559 alios
1108 1549 1121 1570 ‚
1158 1513 1236 1576 qui
1272 1512 1385 1560 An-

93 1583 244 1633 nibali
263 1584 497 1641 nuntient,
515 1594 563 1629 ut
581 1582 821 1629 exercitum
841 1579 896 1626 ab
918 1582 1121 1645 Sagunto
1148 1580 1350 1629 abducat
1365 1615 1387 1638 ,

91 1650 322 1717 ipsumque
352 1649 633 1699 Annibalem
665 1665 721 1696 ex
738 1645 907 1712 soedere
928 1648 1151 1696 Romanis
1180 1648 1389 1707 dedant,·

23 1772 34 1777 ..
94 1721 271 1768 tertiam
309 1719 575 1784 legationem
611 1718 675 1764 ad
713 1735 780 1763 res
817 1716 1084 1781 Saguntinis
1129 1717 1383 1763 reddendas

95 1787 297 1835 decerno.
338 1785 508 1850 Quum
539 1784 720 1833 Hanno
746 1781 1034 1849 perorasset,
1065 1784 1246 1831 nemini
1278 1799 1387 1832 om·
1478 1797 1606 1842 Favet

95 1854 229 1904 nium
247 1867 429 1902 certare
446 1854 667 1902 oratione
687 1869 796 1900 cum
823 1868 884 1900 eo
907 1849 1094 1900 necess'e
1112 1849 1199 1900 fuit
1221 1868 1233 1909 ;
1260 1851 1386 1900 adeo
1405 1859 1563 1917 senatus

97 1922 252 1988 prope
281 1923 439 1970 omnis
483 1920 668 1969 senatus
706 1919 954 1968 Annibalis
986 1933 1115 1977 erat3
1151 1917 1384 1968 infestizis-
1411 1925 1574 1964 Cartha·

97 2003 191 2054 que
246 1987 460 2053 locutum
527 1987 790 2054 arguebant
846 1987 1139 2035 Hannonem
1180 2024 1194 2045 ‚
1244 1986 1389 2051 qnam
1409 1985 1492 2043 gin.
1514 1984 1607 2032 An!

97 2056 322 2107 Flaccum
351 2056 633 2117 Valerium⁹
670 2056 879 2122 legatum
927 2054 1224 2104 Romanum.
1259 2054 1386 2104 Res-
1411 2044 1556 2089 nibali.

1534 2163 1556 2174 x

96 2190 238 2237 Potite
251 2193 445 2236 credimus
458 2208 548 2235 eum
565 2208 614 2235 ex
627 2194 716 2234 bre·
780 2193 1004 2235 duxerimus
1027 2206 1036 2234 t
1055 2193 1098 2232 id
1113 2193 1158 2232 de
1178 2185 1250 2247 quo
1270 2191 1398 2234 verbis

64 2264 66 2267 ’
97 2256 228 2298 vitate
272 2257 313 2298 δε
352 2256 512 2297 licentia
549 2257 716 2311 quadam
779 2254 1054 2310 ambigebatur,
1071 2269 1213 2307 nempe
1226 2267 1312 2294 uter
1325 2269 1397 2308 po-

97 2327 215 2359 extra
247 2317 456 2359 consuetas
489 2318 599 2373 leges
619 2332 717 2359 eva·
772 2315 1024 2372 pulusfoedus
1043 2315 1224 2371 rupiffec,
1241 2328 1400 2356 eventus

97 2392 220 2435 gante
246 2379 415 2433 captasse
446 2379 684 2435 elegantiam
701 2407 712 2429 ,
778 2378 875 2419 belli
895 2377 1075 2418 decrevit
1094 2405 1103 2424 ,
1128 2378 1217 2416 dum
1239 2376 1273 2415 ei
1292 2378 1395 2417 unde

100 2441 145 2482 ὃ(
175 2473 186 2491 ,
240 2442 397 2495 quando
441 2441 570 2482 sensus
624 2441 716 2483 satis
768 2439 979 2494 jusstabat
1001 2467 1012 2486 ,
1043 2439 1240 2479 vifforiam
1272 2438 1396 2478 dedit.

97 2513 260 2556 apertus
280 2515 365 2545 erat
382 2531 392 2551 ‚
415 2517 551 2557 parum
566 2502 713 2543 curasse
778 2503 873 2542 Non
946 2500 1123 2541 abfimilis
1187 2500 1398 2540 anomaliae

100 2564 150 2604 de
179 2565 312 2604 verbis
346 2565 394 2604 ad
430 2563 713 2606 Grammaticae
778 2563 1004 2617 exemplum
1045 2561 1175 2601 rursus
1218 2560 1399 2603 occurrit

97 2638 272 2666 normam
287 2625 508 2680 exigendis.
531 2626 593 2666 Sic
614 2639 713 2679 ergo
776 2624 880 2670 infra
899 2625 927 2669 l.
945 2623 1200 2674 XXV111,c.
1218 2634 1294 2676 270

96 2684 221 2729 hunc·
254 2688 388 2730 locum
430 2687 714 2745 exponendum
1095 2677 1105 2687 ’
