1684 3088
294 144 407 204 218
529 143 801 202 T1·r1
885 141 1220 201 LIV11

77 220 269 318 υξμξξὲ
288 257 352 288 ne
386 239 661 290 deducendi
692 239 759 290 sui
785 241 927 290 causa
959 242 1197 307 populum
1221 241 1282 292 de
1304 240 1414 292 foro
1444 242 1595 294 abda:

79 291 115 320 δ’
163 308 171 320 ‘
261 307 454 357 'cerett
481 326 639 376 neque
677 324 841 358 tamen
873 311 1086 376 elanguit
1117 326 1225 359 cura
1255 312 1507 360 hominum
1535 313 1594 362 ea

287 376 458 436 mora,
482 376 855 445 frequentesque
885 394 998 425 eum
1035 377 1237 427 domum
1271 379 1593 430 deduxerunt.
1683 421 1684 431 ,

361 443 556 494 XXIV.
604 444 789 494 Consul
834 444 975 494 nobie
1006 444 1314 511 insequenti,
1351 446 1413 494 ad
1445 463 1592 496 exer·
1661 458 1684 507 j

287 512 437 561 eitum
461 512 602 562 rediit
628 550 642 572 ,
664 531 764 562 non
796 510 924 562 fasto
954 515 1158 562 certiore
1179 514 1343 563 senatu
1367 551 1382 575 ‚
1407 530 1468 562 ne
1499 532 1592 564 co-

290 582 539 630 mitiorum
593 581 736 629 causa
779 582 829 627 in
871 581 990 630 urbe
1037 583 1338 632 retineretur.
1389 580 1590 632 Postero

289 648 371 697 die
404 648 648 698 consultus
676 667 702 698 a
744 647 885 697 Man.
915 648 1195 715 Pomponio
1223 665 1431 715 praetore
1460 649 1592 699 sena·

288 730 366 765 tus
407 716 626 765 decrevit
648 753 662 778 ,
698 715 917 765 dictatori
977 716 1278 766 scribendum
1301 757 1313 775 ‚
1360 719 1427 766 uti
1449 754 1466 775 ,
1491 717 1525 766 fi
1560 735 1589 768 e

286 784 535 850 republica
576 783 793 834 censeret
816 783 908 834 esse
929 786 1043 845 ‚rad
1075 785 1294 835 consules
1317 783 1589 851 subrogan—

288 851 381 901 dos
403 855 595 902 veniret
633 869 744 902 curn
777 853 1006 919 magistro
1054 856 1272 919 equitum
1313 854 1367 903 ὃς
1408 868 1592 920 praeto-

284 936 339 968 re
374 919 447 969 M.
483 919 724 970 Marcello
745 958 761 981 ,
789 935 841 970 ut
870 939 928 969 ex
955 922 1010 970 iis
1042 921 1352 986 praesentibus
1387 920 1587 971 noscere

285 986 451 1038 Patres
473 986 660 1054 poffent
677 1025 693 1047 ,
713 1006 811 1056 quo
844 987 964 1037 statu
986 989 1250 1054 respublica
1286 988 1430 1051 esset,
1465 1006 1588 1038 con-

282 1054 480 1122 filiaque
509 1073 570 1105 ex
605 1057 747 1105 rebus
786 1071 1033 1122 caperent.
1071 1055 1176 1121 Qui
1228 1059 1363 1106 acciti
1406 1073 1543 1106 erant
1567 1094 1584 1118 ‚

287 1141 462 1172 omnes
493 1140 769 1184 venerunt,
805 1124 978 1173 relistis
1008 1124 1209 1191 legatis,
1253 1127 1333 1191 qui
1370 1126 1586 1192 legioni-

285 1191 375 1239 bus
407 1191 912 1258 praeeffent.Di6iator
935 1229 949 1254 ,
971 1191 1031 1242 de
1051 1195 1098 1243 se
1127 1210 1279 1260 pauca
1299 1211 1354 1242 ac
1390 1193 1587 1243 modice

284 1258 510 1321 locutus,
544 1261 594 1309 in
631 1259 908 1328 magistrum
944 1262 1162 1327 equitum
1185 1298 1201 1323 ,
1238 1259 1317 1311 Ti.
1353 1259 1588 1327 Sempro-

175 1378 218 1389 ..
285 1329 421 1377 nium
445 1325 755 1390 Gracchum,
793 1346 1021 1396 magnam
1057 1344 1242 1395 partem
1275 1329 1438 1397 gloriae
1468 1346 1585 1378 ver-

74 1381 259 1423 cmma·
286 1398 342 1445 tit
381 1412 395 1456 3
426 1398 723 1463 comitiaque
774 1397 922 1446 edixit
954 1434 969 1457 ‚
1009 1398 1181 1463 quibus
1217 1397 1272 1447 L.
1313 1395 1583 1446 Postumius

235 1470 237 1474 ’
282 1465 478 1512 tertium
518 1465 722 1524 absenS,
772 1466 853 1531 qui
895 1481 998 1513 tum
1028 1463 1239 1513 Galliam
1275 1467 1579 1532 provinciam

285 1532 538 1581 obtinebat
561 1569 575 1592 ,
620 1533 671 1582 &
701 1531 783 1581 Ti.
835 1532 1149 1598 Sempronius
1181 1531 1461 1593 Gracchus,
1500 1534 1583 1599 qui

282 1614 389 1649 tum
429 1598 651 1667 magister
693 1601 912 1667 equitum
946 1602 997 1651 ὃ(
1043 1601 1191 1650 aedilis
1221 1601 1389 1650 curulis
1437 1616 1581 1662 erat,

283 1667 501 1717 consules
531 1684 823 1718 crearentur.
871 1668 1105 1718 Praetores
1138 1669 1253 1717 inde
1284 1670 1463 1727 creati,
1504 1668 1582 1720 Μ.

282 1734 511 1786 Valerius
546 1735 793 1797 Laevinus3
828 1735 926 1803 Ap.
959 1735 1190 1786 Claudius
1228 1736 1458 1796 Pulcher,
1503 1736 1558 1803 Q

280 1801 478 1854 Fulvius
519 1804 748 1865 Flaccus,
782 1803 854 1870 Q.
892 1804 1081 1854 Mucius
1122 1804 1360 1854 Scaevola.
1405 1803 1580 1853 Dista-

280 1885 359 1919 tor
385 1909 400 1933 ‚
436 1874 607 1921 creatis
656 1872 1004 1940 magistratibus
1024 1910 1038 1934 ,
1067 1871 1290 1921 Teanum
1322 1874 1368 1921 in
1410 1873 1579 1924 hiber-

279 1957 340 1989 na
367 1939 427 1989 ad
462 1941 726 1990 exercitum
770 1940 948 2002 rediit,
984 1939 1149 2002 relieto
1185 1939 1410 2007 magistro
1435 1943 1579 2006 equi·

279 2020 384 2056 tum
414 2007 586 2058 Romae
614 2024 630 2067 3
665 2009 778 2074 qui,
808 2025 956 2074 quum
988 2007 1095 2075 post
1127 2026 1306 2075 paucos
1342 2007 1443 2056 dies
1474 2024 1582 2055 ma-

279 2074 521 2141 gistratum
576 2078 772 2125 initurus
806 2074 919 2126 effet
951 2113 967 2136 ‚
1010 2076 1072 2127 de
1124 2076 1412 2125 exercitibus
1465 2075 1576 2124 scri-

277 2144 451 2192 bendis
496 2143 926 2210 comparandisque
959 2144 1008 2191 in
1039 2161 1215 2193 annum
1236 2181 1250 2204 ,
1271 2143 1433 2192 Patres
1455 2161 1579 2191 con-

278 2209 469 2261 suleret.
511 2212 681 2277 Quum
713 2229 782 2260 eae
819 2229 894 2262 res
927 2212 1136 2260 maxime
1163 2226 1450 2278 agerentur,
1484 2229 1578 2259 no·-

60 2288 255 2341 sL.Postu-
277 2296 343 2328 va
373 2278 536 2328 clades
567 2280 783 2329 nuntiata
803 2314 818 2338 ‚
857 2279 996 2328 aliam
1031 2278 1169 2344 super
1219 2281 1359 2328 aliam
1400 2296 1576 2328 cumu-

62 2348 255 2406 miusc'os.
281 2347 411 2397 lante
453 2348 502 2395 in
538 2363 650 2395 eum
694 2364 874 2397 annum
909 2346 1103 2396 fortuna
1133 2364 1147 2405 3
1190 2345 1244 2396 L.
1280 2345 1574 2396 Postumium
1624 2354 1627 2358 ’

67 2411 203 2481 θ’ῡέῖῑζὶ
281 2415 525 2464 consulem
564 2413 895 2482 designatum,
945 2416 993 2464 in
1033 2413 1194 2464 Gallia
1235 2414 1387 2480 ipsum
1427 2429 1571 2480 atque

70 2473 209 2513 Gallza
282 2485 550 2532 exercitum
582 2483 792 2534 deletos,
823 2483 976 2547 Sylva
1010 2497 1111 2531 erat
1146 2481 1272 2531 vasta
1304 2480 1326 2548 (
1356 2481 1572 2530 Litanam

35 2549 259 2604 ‚cz-ammer-
281 2549 413 2600 Galli
465 2550 767 2618 vocabant)
813 2550 909 2616 qua
970 2552 1232 2599 exercitum
1278 2549 1570 2598 traduffihtrus

66 2595 262 2637 ‘'md‘’le'
281 2634 382 2666 erat
416 2637 431 2668 .·
460 2617 564 2682 ejus
600 2618 750 2685 sylvae
799 2616 968 2666 dextra
1008 2619 1224 2683 laevaque
1277 2619 1399 2665 circa
1441 2619 1570 2665 viam

65 2671 143 2699 Μ’
281 2684 412 2741 Cani
451 2688 646 2737 arbores
684 2688 748 2735 ita
784 2686 1050 2738 inciderant
1081 2723 1095 2748 ‚
1130 2702 1178 2736 ut
1218 2688 1432 2738 iinmotae
1481 2683 1571 2733 sta·
