1711 3078
277 154 631 209 Ltssan
712 143 1026 204 XXII.
1225 156 1297 215 93

10 247 262 302 &effarium
307 245 462 296 cubile
501 241 696 292 dabant.
740 238 848 305 Ipse
898 234 1146 293 Annibal,
1180 251 1305 301 aeger
1333 233 1525 297 U·g-535-

18 319 173 369 oculis
206 333 266 366 ex
308 330 457 364 verna
501 311 710 378 primum
751 307 1041 369 intemperie
1093 304 1306 351 variante
1335 293 1526 352 &aasz

19 386 203 437 calores
234 382 534 447 frigoraque,
565 375 826 441 elephanto
848 410 862 432 ,
887 373 967 436 qui
997 386 1117 418 unus
1144 368 1308 432 super·
1349 342 1530 443 Anlrizbal

23 452 180 504 fuerat
212 489 227 512 ,
258 450 354 515 quo
384 447 522 495 altius
566 442 624 492 ab
661 459 782 507 aqua
827 439 1062 495 exstaret,
1110 436 1274 484 vectus
1297 473 1312 496 ,
1338 419 1492 506 22:⁴23

23 521 198 586 vigiliis
232 517 428 566 tandem
473 514 525 562 &
568 509 804 559 nofiurno
842 508 1044 554 humore
1095 501 1314 568 palustri·
1366 494 1397 506 ⁰
1485 486 1504 507 ⁴

28 604 123 655 que
169 585 298 633 coelo
343 593 572 649 gravante
625 590 798 642 caput,
835 574 888 623 &
923 574 1032 639 quia
1087 569 1320 618 medendi

27 671 117 706 nec
153 654 288 703 locus
331 667 421 699 nec
451 663 644 712 tempus
678 658 778 693 erat
800 679 815 703 ,
859 641 1011 690 altero
1051 639 1197 686 oculo
1233 655 1319 686 ca-

30 738 176 790 pitur.

102 787 191 837 III.
247 785 414 834 Multis
476 777 748 830 hominibus
806 773 1124 838 jumentisque
1190 770 1324 819 foede

34 854 203 906 amiffis
223 891 237 914 ‚
274 869 419 917 quum
448 849 646 897 tandem
669 846 729 893 de
756 843 1008 908 paludibus
1034 838 1316 897 emersisset,

33 924 117 977 ubi
150 922 355 987 primum
386 921 432 966 in
460 916 581 964 sicco
619 914 805 978 potuit,
838 909 985 958 castra
1025 909 1177 965 locat;
1210 923 1322 954 cer-

32 1005 233 1056 tumque
277 1004 364 1053 per
416 980 676 1051 praemissos
732 978 1066 1044 exploratores
1126 974 1325 1033 habuit,

38 1059 301 1109 exercitum
338 1054 617 1103 Romanum
663 1048 789 1097 circa
821 1044 1000 1094 Arretii
1044 1044 1223 1090 moenia
1253 1041 1326 1090 es-

38 1127 87 1176 se
117 1143 129 1174 :
166 1123 368 1174 consulis
399 1119 576 1169 deinde
612 1114 806 1166 consilia
839 1128 979 1178 atque
1007 1113 1246 1170 animum,
1276 1108 1329 1157 ὅ(

39 1192 177 1246 fitum
216 1193 505 1257 regionum,
546 1186 848 1248 itineraque,
896 1197 913 1227 1
970 1179 1022 1228 ὃς
1068 1179 1230 1243 copias
1264 1175 1326 1224 ad

42 1274 342 1311 commeatus
373 1253 703 1321 expediendos
723 1287 738 1309 ,
784 1250 836 1297 &
866 1261 1032 1297 cetera
1054 1283 1068 1305 ‚
1101 1264 1205 1311 quae
1239 1261 1331 1292 co-

43 1327 207 1397 gnosse
238 1329 288 1375 in
322 1341 425 1373 rem
449 1336 548 1372 erat
567 1358 582 1381 ,
610 1320 791 1368 summa
813 1317 974 1364 omnia
999 1318 1235 1362 cum'cura
1257 1313 1333 1358 in-

40 1394 277 1462 quirendo
317 1389 673 1457 exsequebatur.
720 1384 880 1450 Regio
918 1397 1016 1431 erat
1059 1383 1108 1428 in
1166 1381 1331 1444 primis

41 1464 190 1513 ltaliae
218 1461 416 1520 fertilis,
453 1456 635 1506 Etrusci
660 1455 850 1517 campi,
889 1451 970 1516 qui
1010 1448 1211 1498 Faesulas
1251 1448 1330 1494 in-

43 1545 117 1583 ter
145 1530 487 1594 Arretiumque
533 1523 726 1589 jacent,
762 1518 991 1568 frumenti
1041 1534 1096 1564 ac
1145 1515 1333 1581 pecoris

51 1600 106 1652 δε
137 1600 356 1648 omnium
387 1593 527 1661 copia
566 1607 725 1640 rerum
765 1587 1002 1653 opulenti.
1037 1583 1218 1633 Consul
1259 1580 1331 1630 fe·
1362 1575 1554 1619 Flamina

46 1685 139 1718 rox
169 1666 228 1716 ab
248 1663 493 1715 consulatu
528 1660 723 1726 priore,
762 1655 813 1705 &
841 1673 943 1703 non
988 1653 1138 1700 modo
1172 1652 1335 1716 legum
1395 1637 1553 1707 ‘'qs-fe·

47 1753 105 1786 ac
137 1734 327 1783 Patrum
364 1727 618 1795 majestatis
641 1764 656 1787 ,
695 1723 777 1773 sed
800 1739 862 1772 ne
899 1722 1104 1772 deorum
1141 1719 1336 1785 quidem
1364 1715 1492 1743 recia.

49 1803 158 1853 satis
189 1816 427 1851 metuens.
455 1792 800 1847 Hancinfitam
817 1791 1014 1856 ingenio
1048 1787 1150 1852 ejus
1174 1802 1339 1835 teme-

50 1873 242 1920 ritatem
287 1869 478 1918 fortuna
529 1862 762 1929 prospero
807 1859 1024 1908 civilibus
1063 1854 1340 1921 bellicisque

51 1939 193 1991 rebus
239 1933 442 1985 successu
494 1933 691 1980 aluerat.
750 1926 918 1992 Itaque
977 1924 1082 1972 satis
1136 1939 1342 1989 appare·

50 2006 168 2067 bat,
201 2022 293 2054 nec
330 2003 470 2052 Deos
500 2015 590 2049 nec
623 1997 848 2046 homines
880 1992 1211 2042 consulentem
1235 2028 1247 2045 ,
1270 1988 1345 2038 fe·

53 2077 229 2125 tociter
269 2073 432 2122 omnia
453 2086 508 2117 ac
536 2079 843 2133 praepropere
875 2060 1083 2110 aCturum
1112 2057 1344 2124 :quoque

59 2144 258 2209 pronior
302 2138 415 2189 effet
451 2139 500 2185 in
536 2135 652 2184 vitia
678 2131 759 2181 sua
800 2131 983 2195 agitare
1033 2143 1145 2176 eum
1196 2140 1342 2190 atque

58 2213 239 2265 irritare
275 2208 450 2257 Poenus
478 2216 612 2270 parat
633 2217 647 2260 ;
670 2200 722 2248 &
743 2237 757 2258 ‚
801 2197 923 2246 laeva
960 2192 1124 2243 relicto
1161 2192 1295 2241 hoste
1327 2229 1345 2252 ‚

56 2278 259 2337 Faesulas
280 2290 452 2341 petens
471 2309 484 2330 ,
512 2269 677 2318 medio
710 2266 907 2314 Etruriae
933 2280 1049 2328 agro
1080 2262 1349 2327 praedatum

59 2344 300 2413 profectus
323 2380 336 2401 ‚
365 2353 591 2408 quantam
630 2337 888 2384 maximam
945 2329 1214 2378 vastitatem
1253 2346 1349 2394 po-

61 2413 180 2474 test,
206 2411 428 2465 'caedibus
468 2404 792 2469 incendiisque
840 2398 1020 2449 consuli
1065 2396 1237 2463 procul
1271 2394 1348 2444 os-

132 2555 149 2584 1
181 2543 235 2583 Et
253 2541 385 2596 copias
417 2540 434 2593 ]
458 2536 675 2578 Abundan-
739 2546 872 2574 rerum
891 2527 1191 2571 necefl'ariarum
1205 2525 1347 2580 copiis,

53 2605 178 2646 tiam.
207 2603 436 2657 Inquirebat
468 2598 641 2639 Annibal
661 2624 675 2641 ‚
741 2593 970 2648 opulentia,
992 2593 1191 2635 ubertate3
1212 2588 1351 2641 idque,

65 2681 153 2728 quae
165 2680 255 2725 pars
268 2658 443 2724 regionis
454 2661 564 2705 dives
582 2657 679 2702 effet
739 2657 790 2700 ad
802 2663 1046 2699 commeatus
1058 2650 1357 2707 expediendos„
