1752 3073
403 112 757 168 L1BER
839 93 1085 158 XXI.
1316 102 1382 144 11

99 210 163 262 ad
187 206 410 265 efferstum
452 205 610 270 operis
642 213 842 250 ventum
874 193 973 252 est,
1009 189 1185 256 coeptis
1221 185 1386 235 succe·
1410 196 1601 247 [jx-534,

102 279 263 328 debat.
300 276 358 325 Et
393 276 533 322 turris
573 273 741 336 ingens
771 261 1053 314 imminebat
1076 276 1089 317 3
1116 259 1167 305 &
1194 271 1352 302 murus
1372 287 1388 311 ‚
1412 249 1602 295 a·C.218.

103 362 156 396 ut
184 348 234 393 in
260 341 470 409 suspe&o
494 341 606 388 loco
626 375 640 398 ‚
671 336 809 402 supra
841 345 1013 380 ceterae
1042 324 1246 373 modum
1280 322 1396 369 alti-

103 413 281 464 tudinis
332 409 572 459 emunitus
620 418 752 462 erat3
790 401 842 449 ὃς
892 397 1116 461 ‘juventus
1172 387 1393 447 delecia,

105 482 191 529 ubi
235 480 492 545 plurimum
538 472 738 539 periculi
775 485 829 516 ac
875 462 1051 513 laboris
1094 455 1396 507 ostendeba-

106 563 182 597 tur
201 587 212 607 ,
241 547 306 595 ibi
332 547 381 594 vi
407 540 591 606 majore
624 535 928 588 obsistebant.
968 530 1043 578 Ac
1073 525 1227 592 primo
1261 520 1399 571 miffi-

105 616 228 665 libus
269 613 576 662 summovere
616 606 831 663 hostem,
866 616 955 649 nec
988 596 1249 662 quidquam
1287 589 1398 639 satis

104 698 262 733 tutum
296 677 620 729 munientibus
655 675 752 740 pari
787 689 798 719 ε
833 665 1006 717 deinde
1037 662 1134 727 jam
1170 675 1269 707 non
1308 674 1399 722 pro

107 750 352 799 moenibus
391 745 542 808 mod-o
573 757 716 806 atque
757 738 873 787 turri
919 734 1017 781 tela
1048 732 1225 777 micare
1265 762 1281 784 9
1315 723 1400 772 sed

108 818 171 867 ad
205 813 558 881 erumpendum
600 811 745 858 etiarn
793 807 841 852 in
879 801 1104 850 stationes
1150 808 1399 860 operaque

108 884 312 937 hostium
337 882 674 937 animus'erat3
702 873 872 942 quibus
890 865 1206 918 tumultuariis
1238 875 1400 909 certa-

110 952 318 1003 minibus
331 950 458 999 haud
482 947 636 1005 ferme
665 945 822 1011 plures
855 934 1103 1003 Saguntini
1120 929 1356 980 cadebant
1380 963 1395 986 ‚

111 1020 259 1088 quam
291 1018 442 1068 Poeni.
480 1014 552 1064 Ut
583 1014 702 1062 vero
735 1006 947 1058 Annibal
975 1001 1074 1076 ipse
1095 1038 1109 1061 ‚
1140 1000 1255 1048 dum
1283 1011 1395 1044 mu·
1418 989 1602 1031 Annibal

43 1144 48 1148 ,
110 1105 218 1139 rum
243 1087 476 1136 incautius
507 1082 656 1141 subit,
677 1075 930 1128 adversum
961 1071 1118 1120 femur
1157 1084 1176 1115 1
1217 1062 1400 1130 tragula
1420 1054 1607 1104 vulnera-⁴

114 1156 322 1224 graviter
352 1153 468 1202 icluS
503 1148 709 1206 cecidit;
751 1159 882 1195 tanta
912 1140 1034 1188 circa
1068 1135 1180 1201 fuga
1214 1150 1268 1182 ac
1300 1146 1399 1179 tre·
1423 1129 1500 1157 ²¹¹⁵·
1528 1180 1531 1182 ,

116 1224 301 1291 pidatio
346 1221 472 1279 fuit,
514 1233 566 1266 ut
617 1234 715 1264 non
761 1211 964 1261 multum
1019 1203 1195 1254 abeffet
1229 1238 1245 1262 ,
1290 1200 1407 1267 quin

117 1308 264 1360 opera
292 1308 346 1337 ac
383 1290 536 1336 vineae
566 1283 912 1332 desererentur.

187 1357 329 1407 VIII.
363 1373 382 1404 1
404 1353 610 1405 Obsidio
648 1349 824 1398 deinde
851 1362 935 1411 per
960 1356 1137 1408 paucos
1173 1336 1275 1384 dies
1298 1350 1408 1382 ma·-

118 1428 216 1496 gis,
246 1426 390 1492 quam
428 1420 731 1488 oppugnatio
762 1415 853 1464 fuit
877 1450 890 1473 ,
926 1411 1039 1459 dum
1079 1407 1249 1456 vulnus
1277 1402 1413 1450 ducis

119 1509 405 1545 curaretur:
443 1508 528 1557 per
574 1485 708 1553 quod
757 1497 949 1546 tempus
986 1494 1036 1525 ut
1081 1475 1217 1540 quies
1256 1486 1416 1519 certa·

119 1565 302 1613 minum
339 1572 438 1609 erat
457 1597 469 1616 ,
503 1560 569 1605 ita
595 1555 653 1603 ab
686 1564 917 1619 apparatu
940 1559 1146 1611 operum
1174 1556 1227 1588 ac
1253 1537 1416 1586 muni-

122 1634 311 1681 tionum
343 1626 460 1676 nihil
488 1621 730 1673 ceffatum.
762 1617 928 1682 Itaque
955 1614 1110 1661 acrius
1131 1609 1191 1657 de
1223 1610 1417 1671 integro

126 1700 356 1749 obortum
380 1693 445 1743 est
464 1693 677 1750 bellum,
712 1683 1018 1754 pluribusque
1048 1678 1261 1745 partibus
1287 1711 1298 1733 ‚
1335 1674 1420 1722 vix

126 1764 468 1832 accipientibus
519 1758 800 1825 quibusdam
848 1768 998 1818 opera
1052 1740 1216 1803 locis,
1262 1743 1457 1791 vineae.

129 1849 301 1899 coeptae
349 1831 475 1897 agi,
520 1826 868 1888 admoverique
927 1820 1087 1867 aries(
1120 1809 1419 1861 Abundabat

130 1900 434 1952 multitudine
462 1897 714 1945 hominum
749 1890 925 1939 Poenus
952 1885 1043 1934 :ad
1075 1895 1269 1930 centum
1295 1877 1426 1925 enim

133 1968 477 2036 qulnquaginta
515 1963 663 2012 millia
699 1955 907 2008 habuisse
930 1956 976 2001 in
1003 1952 1144 2000 armis
1175 1947 1283 1995 satis
1322 1958 1429 1991 cre·

134 2039 274 2086 ditur.
314 2033 566 2100 Oppidani
618 2029 675 2078 ad
719 2026 883 2076 onmia
923 2020 1103 2069 tuenda
1148 2030 1292 2080 atque
1337 2010 1429 2059 ob-

132 2105 290 2156 eunda
316 2099 616 2151 multifariam
661 2095 864 2144 distineri
904 2089 1052 2154 coepti
1091 2084 1192 2133 sunt
1215 2099 1227 2130 ε
1253 2081 1304 2129 &
1330 2094 1431 2127 non

135 2170 431 2222 sufficiebant
463 2166 603 2232 (jam
637 2168 766 2214 enim
817 2157 1112 2209 feriebantur
1148 2147 1419 2210 arietibus)

133 2242 258 2293 muri
293 2234 661 2305 ,quassataeque
706 2230 867 2281 multae
913 2240 1071 2291 partes
1118 2232 1252 2269 erant
1286 2232 1297 2263 t
1332 2231 1429 2262 una

1486 450 1504 472 p

203 2360 221 2389 1
245 2345 419 2402 Traguld
435 2348 449 2400 ]
467 2340 643 2396 Tragula
661 2336 748 2376 mis·
813 2327 1075 2388 oppugnatio]
1108 2322 1308 2376 Cingebat
1341 2317 1432 2371 qui-

137 2410 206 2454 file
237 2420 322 2450 erat
346 2408 470 2447 telum
493 2433 502 2450 ‚
525 2403 574 2442 fic
608 2399 751 2440 dmum
817 2396 904 2434 dem
925 2393 1062 2432 urbem
1092 2385 1240 2426 hostilis
1271 2378 1435 2438 exerci-

139 2488 163 2513 ε
182 2469 429 2525 trajiciendo.
465 2461 754 2506 Validiffimum
817 2468 905 2501 tus,
941 2464 979 2492 at
1003 2464 1087 2491 eam
1117 2461 1196 2487 non
1226 2455 1435 2497 oppugna-

136 2534 248 2578 fuit„
272 2532 461 2571 Ceterum
497 2526 584 2580 ejus
631 2523 758 2563 forma
819 2519 900 2558 bat.
930 2513 1050 2572 Quies
1071 2521 1181 2553 erat,
1209 2518 1253 2548 ut
1271 2518 1365 2545 mox
1382 2501 1438 2559 §i-

140 2607 281 2654 parum
313 2601 422 2631 nota.
822 2588 965 2627 cetur,
1005 2583 1270 2615 certaminum.

208 2667 229 2699 1
254 2653 481 2708 obsidia...
502 2646 620 2706 magis
649 2643 758 2702 qucim

1115 2688 1164 2740 A
1188 2685 1239 2754 vj
