1711 3078
255 154 608 216 L1BER
690 149 1032 211 XXIV.
1212 162 1326 228 319

39 255 203 312 malo,
230 268 310 302 aut
338 249 596 301 neceffario
642 249 854 299 facinore
883 264 1086 298 retenta.
1114 247 1331 296 Marcel*
1352 239 1546 303 U.q.533‚

44 323 115 370 lus
141 338 229 370 nec
263 319 438 368 facium
469 318 793 385 improbavit,
822 318 872 365 &
897 317 1107 383 praedam
1140 314 1334 363 Ennen·
1354 308 1373 336 ἃ

43 388 160 436 sium
195 389 424 436 militibus
463 384 688 435 conceffit
720 423 734 444 ,
765 399 919 440 ratus„
956 386 1130 432 timore
1165 384 1337 431 deret-³

45 458 164 504 ritos
214 468 564 520 temperaturos
604 451 956 518 proditionibus
1013 449 1341 514 praefidiorum

46 523 248 571 Siculos.
306 524 468 587 Atque
506 537 563 569 ea
596 520 789 578 clades,
828 533 879 568 ut
923 516 1049 565 urbis
1091 519 1139 564 in
1182 517 1343 564 media

48 589 207 639 Sicilia
244 588 372 648 sitae,
408 589 645 653 claraeque
688 588 765 636 vel
802 587 867 635 ob
898 585 1127 650 insignem
1185 586 1345 631 muni·

49 671 216 705 mento
249 657 447 705 naturali
493 656 653 703 locum
682 692 698 713 ,
731 654 809 704 vel
864 655 929 702 ob
962 653 1136 701 sacrata
1180 652 1346 699 omnia

49 724 257 790 vestigiis
308 740 452 788 raptae
488 724 737 786 quondam
795 721 1089 786 Proserpinae
1118 756 1134 776 ,
1191 717 1345 783 prope

48 811 147 841 uno
167 794 242 840 die
270 808 466 840 ornnem
494 791 699 838 Siciliam
733 788 958 854 pervasit.
989 787 1046 836 Et
1083 788 1191 852 quia
1214 785 1347 834 caede

55 858 251 908 infanda
300 859 528 907 rebantur
570 875 669 905 non
713 858 965 904 hominum
1005 858 1224 913 tantum,
1265 852 1349 900 sed

52 929 197 976 etiam
230 925 432 973 deorum
469 923 630 972 sedem
664 923 896 972 violatam
935 921 1056 982 effe,
1098 938 1198 969 turn
1229 921 1347 969 verb

51 995 132 1060 qui
161 994 305 1043 etiam
338 992 448 1040 ante
474 992 604 1040 dubii
637 989 825 1040 fuerant
848 1030 861 1050 ‚
885 990 1111 1039 defecere
1143 989 1202 1036 ad
1236 987 1350 1036 Poe-

52 1079 158 1110 nos.
195 1060 524 1125 Hippocrates
567 1058 678 1107 inde
733 1059 1091 1125 Murgantiam,
1134 1056 1350 1104 Himilco

51 1128 369 1195 Agrigentum
410 1126 507 1175 sese
545 1127 759 1192 recepit3
799 1144 946 1192 quum
984 1125 1118 1174 acciti
1156 1143 1182 1173 a
1224 1141 1354 1189 pro·-

52 1196 284 1245 ditoribus
309 1196 635 1260 nequidquam
673 1194 732 1242 ad
757 1193 944 1243 Ennam
975 1193 1237 1242 exercitum
1263 1191 1353 1239 ad-

58 1262 344 1313 movissent.‘
376 1261 633 1311 Marcellus
653 1277 782 1310 retro
815 1265 861 1310 in
900 1262 1170 1310 Leontinos
1196 1260 1353 1318 redit;

56 1331 400 1396 frumentoque
455 1330 505 1378 &
554 1330 906 1379 commeatibus
953 1329 1053 1378 aliis
1103 1329 1151 1376 in
1206 1326 1352 1376 castra

57 1397 297 1449 conveffis
318 1435 331 1454 ‚
359 1396 576 1461 praesidio
608 1398 807 1446 modico
833 1398 897 1446 ibi
924 1396 1089 1446 relicio
1109 1433 1122 1455 ‚
1155 1395 1216 1442 ad
1248 1393 1356 1460 Sy·-

53 1466 238 1516 racusas
252 1463 536 1514 obsidendas
559 1467 722 1525 venit3
752 1465 863 1514 inde
890 1465 985 1530 Ap.
1007 1463 1216 1514 Claudio
1243 1460 1356 1510 Ro-

56 1552 184 1583 mam
206 1533 266 1580 ad
304 1532 602 1582 consulatum
625 1533 888 1598 petendum
917 1531 1052 1582 milio
1072 1569 1085 1591 ‚
1105 1529 1167 1579 T.
1198 1529 1356 1593 Quin-

56 1604 176 1651 tium
215 1600 487 1666 Crispinum
513 1603 558 1649 in
605 1600 706 1663 ejus
740 1601 902 1650 locum
946 1599 1071 1648 claffi
1102 1597 1352 1664 castrisque·

24 1667 268 1736 Apraefecit
314 1668 596 1717 veteribus:
632 1669 732 1734 ipse
782 1669 1089 1718 hibernacula
1136 1668 1351 1733 quinque

57 1738 204 1787 millia
231 1734 443 1802 passuum
482 1736 747 1801 Hexapylo
781 1735 803 1803 (
833 1736 1019 1785 Leonta
1056 1749 1235 1784 vocant
1273 1735 1351 1781 lo-

60 1823 171 1854 cum
203 1804 530 1871 >communiit
575 1803 940 1870 aedificavitque.
975 1821 1001 1852 2
1042 1804 1160 1852 Haec
1196 1805 1245 1851 in
1283 1801 1353 1850 Si-

58 1874 167 1922 cilia
195 1872 340 1931 usoue
376 1871 435 1918 ad
465 1872 748 1937 principium
783 1873 951 1921 hiemis
989 1871 1137 1938 gesta.

124 1939 232 1988 XL.
270 1939 451 1987 Eadem
494 1937 652 1988 aestate
689 1940 739 1988 &
775 1957 885 1988 cum
923 1938 1147 2004 Philippo
1199 1953 1348 2003 rege,

1381 295 1544 343 &3140

1403 1948 1563 1989 Bellum

60 2008 195 2075 quod
234 2005 331 2070 jam
366 2007 476 2054 ante
508 2005 771 2071 suspectum
808 2007 995 2065 fuerat,
1029 2022 1215 2055 motum
1247 2005 1347 2053 bel·
1372 2026 1453 2052 cnm
1473 2010 1566 2050 Plu·-

59 2076 160 2125 lum
209 2073 292 2123 est.
343 2073 509 2140 Legati
543 2075 600 2122 ab
652 2073 804 2122 Orico
837 2075 896 2122 ad
933 2092 951 2122 1
995 2073 1067 2122 Μ.
1100 2074 1352 2122 Valerium
1377 2075 1504 2129 lippo.

58 2158 321 2212 praetore-rn
348 2156 611 2202 venerunt,
638 2159 664 2190 2
692 2142 1023 2209 praefidentem
1057 2140 1179 2191 claffi
1203 2142 1356 2190 Brun-

127 2260 152 2287 2
174 2245 270 2286 Haec
288 2244 325 2284 ἱη
345 2245 489 2286 Sicilia
501 2243 614 2300 usque
627 2249 680 2286 ad
809 2261 823 2288 ι
846 2247 910 2288 M.
960 2244 1162 2288 Valerium
1207 2256 1355 2297 praeto-

56 2308 292 2367 principium
305 2306 436 2346 hIemis
449 2309 571 2362 gesta]
589 2309 676 2348 Sus·
738 2310 849 2362 rem]
868 2311 911 2350 Id
931 2309 984 2349 est
999 2337 1010 2356 ‚
1026 2316 1317 2360 propraetorem
1336 2332 1349 2352 ‚

62 2367 315 2426 picamurhic
335 2367 490 2408 Livium
507 2371 674 2410 duorum
740 2383 783 2411 ut
802 2372 948 2412 dicitur
962 2371 1072 2424 supra
1094 2382 1131 2407 c.
1155 2380 1224 2406 20.
1246 2365 1357 2406 Prae-

63 2444 257 2474 annorum
275 2443 338 2470 res
359 2430 483 2483 gestas
498 2432 534 2470 in
554 2446 676 2472 unum
738 2444 866 2472 turam
881 2432 1047 2486 gesserat
1063 2442 1166 2468 anno
1181 2428 1360 2481 superio·

62 2491 270 2535 ntiscuiffe.
310 2490 507 2531 Rationes
559 2492 679 2545 hujus
743 2508 802 2535 re.
825 2495 921 2534 Vid.
946 2492 1107 2533 XXlII.
1128 2503 1199 2537 24.

63 2555 206 2597 nostr?
222 2551 463 2604 conjeciurae
483 2552 679 2595 afferimus
776 2569 800 2594 2
820 2553 1090 2607 Praefidetztem
1103 2548 1212 2604 claffi
1228 2548 1361 2589 Brun-1

65 2619 107 2658 in
122 2615 273 2668 majore
295 2613 422 2655 nostra
440 2615 617 2657 editione
630 2616 679 2656 ad
744 2615 868 2669 disto]
892 2616 995 2656 Cum
1014 2613 1128 2655 claffe
1149 2610 1360 2665 praefiden-

63 2680 169 2722 hunc
187 2678 337 2720 locum.
743 2688 824 2719 tem
842 2677 1044 2720 Brundisio
1069 2690 1078 2714 :
1102 2675 1152 2713 ita
1190 2682 1232 2713 ut
1252 2670 1363 2728 claffi

1050 2732 1189 2784 Oiv
